



<?xml version="1.0" encoding="ascii"?>
<record>
  <leader>01693     2200612   4500</leader>
  <controlfield tag="001">ia00891000</controlfield>
  <controlfield tag="008">800715s1495                        lat  </controlfield>
  <datafield tag="100" ind1="1" ind2="0">
    <subfield code="a">Antonius de Bitonto</subfield>
  </datafield>
  <datafield tag="245" ind1="1" ind2="0">
    <subfield code="a">Sermones dominicales per totum annum (Ed: Philippus de Rotingo)</subfield>
  </datafield>
  <datafield tag="260" ind1="0" ind2="0">
    <subfield code="a">Strassburg</subfield>
    <subfield code="b">Johann (Reinhard) Gr&#252;ninger</subfield>
    <subfield code="c">20 Feb. 1495</subfield>
  </datafield>
  <datafield tag="300" ind1="0" ind2="0">
    <subfield code="c">8~~</subfield>
  </datafield>
  <datafield tag="510" ind1="0" ind2="0">
    <subfield code="a">Goff A891</subfield>
  </datafield>
  <datafield tag="510" ind1="0" ind2="0">
    <subfield code="a">HC(Add) 3218*</subfield>
  </datafield>
  <datafield tag="510" ind1="0" ind2="0">
    <subfield code="a">Pell 2405</subfield>
  </datafield>
  <datafield tag="510" ind1="0" ind2="0">
    <subfield code="a">Hillard 162</subfield>
  </datafield>
  <datafield tag="510" ind1="0" ind2="0">
    <subfield code="a">Zehnacker 220</subfield>
  </datafield>
  <datafield tag="510" ind1="0" ind2="0">
    <subfield code="a">Polain(B) 694</subfield>
  </datafield>
  <datafield tag="510" ind1="0" ind2="0">
    <subfield code="a">IBP 434</subfield>
  </datafield>
  <datafield tag="510" ind1="0" ind2="0">
    <subfield code="a">IDL 367</subfield>
  </datafield>
  <datafield tag="510" ind1="0" ind2="0">
    <subfield code="a">IBE 470</subfield>
  </datafield>
  <datafield tag="510" ind1="0" ind2="0">
    <subfield code="a">Madsen 276</subfield>
  </datafield>
  <datafield tag="510" ind1="0" ind2="0">
    <subfield code="a">Ohly-Sack 231</subfield>
  </datafield>
  <datafield tag="510" ind1="0" ind2="0">
    <subfield code="a">Sack(Freiburg) 245</subfield>
  </datafield>
  <datafield tag="510" ind1="0" ind2="0">
    <subfield code="a">Voull(B) 2288,5</subfield>
  </datafield>
  <datafield tag="510" ind1="0" ind2="0">
    <subfield code="a">BSB-Ink A-622</subfield>
  </datafield>
  <datafield tag="510" ind1="0" ind2="0">
    <subfield code="a">GW 2211</subfield>
  </datafield>
  <datafield tag="952" ind1="0" ind2="0">
    <subfield code="a">YUL</subfield>
  </datafield>
  <datafield tag="953" ind1="0" ind2="0">
    <subfield code="a">New Plymouth (NZ), Dalberton Library (imperfect)</subfield>
  </datafield>
  <datafield tag="955" ind1="0" ind2="0">
    <subfield code="a">Madrid BN</subfield>
  </datafield>
  <datafield tag="957" ind1="0" ind2="0">
    <subfield code="a">Paris Mazarine</subfield>
  </datafield>
  <datafield tag="957" ind1="0" ind2="0">
    <subfield code="a">Strasbourg BGS (imperfect)</subfield>
  </datafield>
  <datafield tag="957" ind1="0" ind2="0">
    <subfield code="a">Strasbourg BNU (imperfect)</subfield>
  </datafield>
  <datafield tag="958" ind1="0" ind2="0">
    <subfield code="a">Copenhagen RL</subfield>
  </datafield>
  <datafield tag="958" ind1="0" ind2="0">
    <subfield code="a">Prague NL (as GW Anm.), NM</subfield>
  </datafield>
  <datafield tag="958" ind1="0" ind2="0">
    <subfield code="a">Graz UB</subfield>
  </datafield>
  <datafield tag="959" ind1="1" ind2="0">
    <subfield code="a">080711SM</subfield>
  </datafield>
  <datafield tag="995" ind1="0" ind2="0">
    <subfield code="a">Brussels, BR (2)</subfield>
  </datafield>
  <datafield tag="996" ind1="0" ind2="0">
    <subfield code="a">Deventer SAB 24</subfield>
  </datafield>
  <datafield tag="996" ind1="0" ind2="0">
    <subfield code="a">Utrecht UB 40</subfield>
  </datafield>
  <datafield tag="997" ind1="0" ind2="0">
    <subfield code="a">Augsburg UB </subfield>
    <subfield code="b">(Inc.554)</subfield>
  </datafield>
  <datafield tag="997" ind1="0" ind2="0">
    <subfield code="a">Bamberg SB</subfield>
  </datafield>
  <datafield tag="997" ind1="0" ind2="0">
    <subfield code="a">Dettelbach FranziskKl</subfield>
  </datafield>
  <datafield tag="997" ind1="0" ind2="0">
    <subfield code="a">Frankfurt</subfield>
    <subfield code="b">(Main) StUB</subfield>
  </datafield>
  <datafield tag="997" ind1="0" ind2="0">
    <subfield code="a">Freiburg i.Br. UB</subfield>
  </datafield>
  <datafield tag="997" ind1="0" ind2="0">
    <subfield code="a">Fulda FranziskKl Frauenberg</subfield>
  </datafield>
  <datafield tag="997" ind1="0" ind2="0">
    <subfield code="a">Giessen UB</subfield>
  </datafield>
  <datafield tag="997" ind1="0" ind2="0">
    <subfield code="a">Koblenz G&#246;rresGym </subfield>
    <subfield code="b">(imperfect)</subfield>
  </datafield>
  <datafield tag="997" ind1="0" ind2="0">
    <subfield code="a">Mainz StB </subfield>
    <subfield code="b">(2)</subfield>
  </datafield>
  <datafield tag="997" ind1="0" ind2="0">
    <subfield code="a">M&#252;nchen BSB </subfield>
    <subfield code="b">(2)</subfield>
  </datafield>
  <datafield tag="997" ind1="0" ind2="0">
    <subfield code="a">M&#252;nster ULB </subfield>
    <subfield code="b">(imperfect)</subfield>
  </datafield>
  <datafield tag="997" ind1="0" ind2="0">
    <subfield code="a">Regensburg SB</subfield>
  </datafield>
  <datafield tag="997" ind1="0" ind2="0">
    <subfield code="a">Stuttgart WLB </subfield>
    <subfield code="b">(2)</subfield>
  </datafield>
  <datafield tag="997" ind1="0" ind2="0">
    <subfield code="a">T&#252;bingen UB</subfield>
  </datafield>
  <datafield tag="997" ind1="0" ind2="0">
    <subfield code="a">Wesel MartiniK</subfield>
  </datafield>
</record>