



<?xml version="1.0" encoding="ascii"?>
<record>
  <leader>01002     2200264   4500</leader>
  <controlfield tag="001">ia00919000</controlfield>
  <controlfield tag="008">800715s1483                        lat  </controlfield>
  <datafield tag="100" ind1="1" ind2="0">
    <subfield code="a">Anwykyll, John</subfield>
  </datafield>
  <datafield tag="245" ind1="1" ind2="0">
    <subfield code="a">Compendium totius grammaticae (Partes I-IV)</subfield>
  </datafield>
  <datafield tag="260" ind1="0" ind2="0">
    <subfield code="a">[Oxford</subfield>
    <subfield code="b">Theodoricus Rood</subfield>
    <subfield code="c">about 1483]</subfield>
  </datafield>
  <datafield tag="300" ind1="0" ind2="0">
    <subfield code="c">4~~</subfield>
  </datafield>
  <datafield tag="500" ind1="0" ind2="0">
    <subfield code="a">For the UCalLAL fragment, see R. Rouse in L. Hellinga and J. Goldfinch, eds, Bibliography and the study of 15th-century civilisation (London, 1987), pp.206-207</subfield>
  </datafield>
  <datafield tag="510" ind1="0" ind2="0">
    <subfield code="a">Goff A919</subfield>
  </datafield>
  <datafield tag="510" ind1="0" ind2="0">
    <subfield code="a">Duff 28</subfield>
  </datafield>
  <datafield tag="510" ind1="0" ind2="0">
    <subfield code="a">STC 695</subfield>
  </datafield>
  <datafield tag="510" ind1="0" ind2="0">
    <subfield code="a">J.A. Dane, in The Library, 6th ser. 20 (1998) pp.59-61</subfield>
  </datafield>
  <datafield tag="510" ind1="0" ind2="0">
    <subfield code="a">Oates 4166</subfield>
  </datafield>
  <datafield tag="510" ind1="0" ind2="0">
    <subfield code="a">GW 2262</subfield>
  </datafield>
  <datafield tag="951" ind1="0" ind2="0">
    <subfield code="a">Cambridge UL (3 leaves), Corpus Christi (2 leaves), Trinity Colleges (1 leaf)</subfield>
  </datafield>
  <datafield tag="951" ind1="0" ind2="0">
    <subfield code="a">Manchester JRL R37630 (8 leaves)</subfield>
  </datafield>
  <datafield tag="952" ind1="0" ind2="0">
    <subfield code="a">PML</subfield>
    <subfield code="b">(2ff)</subfield>
  </datafield>
  <datafield tag="952" ind1="0" ind2="0">
    <subfield code="a">UCalLAL</subfield>
    <subfield code="b">(2ff. in binding of Goff A712)</subfield>
  </datafield>
  <datafield tag="959" ind1="1" ind2="0">
    <subfield code="a">0702</subfield>
  </datafield>
  <datafield tag="994" ind1="0" ind2="0">
    <subfield code="a">Melbourne SL (1 leaf): in fact from Duff 29</subfield>
  </datafield>
</record>