



<?xml version="1.0" encoding="ascii"?>
<record>
  <leader>00665 am  2200240   4500</leader>
  <controlfield tag="001">ia00920100</controlfield>
  <controlfield tag="008">860709s1489                        lat  </controlfield>
  <datafield tag="100" ind1="1" ind2="0">
    <subfield code="a">Anwykyll, John</subfield>
  </datafield>
  <datafield tag="245" ind1="1" ind2="0">
    <subfield code="a">Compendium totius grammaticae (Partes I-IV)</subfield>
  </datafield>
  <datafield tag="260" ind1="0" ind2="0">
    <subfield code="a">Deventer</subfield>
    <subfield code="b">Richardus Pafraet</subfield>
    <subfield code="c">4 May 1489</subfield>
  </datafield>
  <datafield tag="300" ind1="0" ind2="0">
    <subfield code="c">4~~</subfield>
  </datafield>
  <datafield tag="500" ind1="0" ind2="0">
    <subfield code="a">Reproductions of the watermarks found in the paper used in this edition are provided by the Koninklijke Bibliotheek, National Library of the Netherlands.</subfield>
  </datafield>
  <datafield tag="510" ind1="0" ind2="0">
    <subfield code="a">HC 5556</subfield>
  </datafield>
  <datafield tag="510" ind1="0" ind2="0">
    <subfield code="a">Camp 474</subfield>
  </datafield>
  <datafield tag="510" ind1="0" ind2="0">
    <subfield code="a">ILC 261</subfield>
  </datafield>
  <datafield tag="510" ind1="0" ind2="0">
    <subfield code="a">STC 696.1</subfield>
  </datafield>
  <datafield tag="510" ind1="0" ind2="0">
    <subfield code="a">Duff 30</subfield>
  </datafield>
  <datafield tag="510" ind1="0" ind2="0">
    <subfield code="a">Oates 3472, 3473</subfield>
  </datafield>
  <datafield tag="510" ind1="0" ind2="0">
    <subfield code="a">Pr 8982</subfield>
  </datafield>
  <datafield tag="510" ind1="0" ind2="0">
    <subfield code="a">BMC IX 51</subfield>
  </datafield>
  <datafield tag="510" ind1="0" ind2="0">
    <subfield code="a">GW 2264</subfield>
  </datafield>
  <datafield tag="951" ind1="0" ind2="0">
    <subfield code="a">Cambridge UL (2), Trinity College</subfield>
  </datafield>
  <datafield tag="951" ind1="0" ind2="0">
    <subfield code="a">Manchester JRL 16367</subfield>
  </datafield>
  <datafield tag="959" ind1="0" ind2="0">
    <subfield code="a">9509</subfield>
  </datafield>
</record>