



<?xml version="1.0" encoding="ascii"?>
<record>
  <leader>03662     2201416   4500</leader>
  <controlfield tag="001">ia00930000</controlfield>
  <controlfield tag="008">800715s1495                        lat  </controlfield>
  <datafield tag="100" ind1="1" ind2="0">
    <subfield code="a">Appianus</subfield>
  </datafield>
  <datafield tag="245" ind1="1" ind2="0">
    <subfield code="a">Historia Romana (Pars I) (Tr: Petrus Candidus Decembrius)</subfield>
  </datafield>
  <datafield tag="260" ind1="0" ind2="0">
    <subfield code="a">Scandiano</subfield>
    <subfield code="b">Peregrinus de Pasqualibus, Bononiensis</subfield>
    <subfield code="c">10 Jan. [1495]</subfield>
  </datafield>
  <datafield tag="300" ind1="0" ind2="0">
    <subfield code="c">f~~</subfield>
  </datafield>
  <datafield tag="500" ind1="0" ind2="0">
    <subfield code="a">The colophon reads 'M.CCCCLCXV.IIII. Idu&amp;ubreve; Ianuarii'</subfield>
  </datafield>
  <datafield tag="500" ind1="0" ind2="0">
    <subfield code="a">Pars I comprises the Proemium Appiani, Punica, Syriaca, Parthica (Pseudo-Appianus) and Mithridatica (CIBN)</subfield>
  </datafield>
  <datafield tag="510" ind1="0" ind2="0">
    <subfield code="a">Goff A930</subfield>
  </datafield>
  <datafield tag="510" ind1="0" ind2="0">
    <subfield code="a">HC(+Add) 1310</subfield>
  </datafield>
  <datafield tag="510" ind1="0" ind2="0">
    <subfield code="a">GfT 2325</subfield>
  </datafield>
  <datafield tag="510" ind1="0" ind2="0">
    <subfield code="a">Pell 917</subfield>
  </datafield>
  <datafield tag="510" ind1="0" ind2="0">
    <subfield code="a">CIBN A-484</subfield>
  </datafield>
  <datafield tag="510" ind1="0" ind2="0">
    <subfield code="a">Arnoult 111</subfield>
  </datafield>
  <datafield tag="510" ind1="0" ind2="0">
    <subfield code="a">Parguez 74</subfield>
  </datafield>
  <datafield tag="510" ind1="0" ind2="0">
    <subfield code="a">Zehnacker 226</subfield>
  </datafield>
  <datafield tag="510" ind1="0" ind2="0">
    <subfield code="a">Polain(B) 4155</subfield>
  </datafield>
  <datafield tag="510" ind1="0" ind2="0">
    <subfield code="a">IGI 765</subfield>
  </datafield>
  <datafield tag="510" ind1="0" ind2="0">
    <subfield code="a">IBP 448</subfield>
  </datafield>
  <datafield tag="510" ind1="0" ind2="0">
    <subfield code="a">IDL 379</subfield>
  </datafield>
  <datafield tag="510" ind1="0" ind2="0">
    <subfield code="a">IBE 495</subfield>
  </datafield>
  <datafield tag="510" ind1="0" ind2="0">
    <subfield code="a">Coll(U) 141</subfield>
  </datafield>
  <datafield tag="510" ind1="0" ind2="0">
    <subfield code="a">Madsen 285</subfield>
  </datafield>
  <datafield tag="510" ind1="0" ind2="0">
    <subfield code="a">Sack(Freiburg) 252</subfield>
  </datafield>
  <datafield tag="510" ind1="0" ind2="0">
    <subfield code="a">Voull(B) 3558</subfield>
  </datafield>
  <datafield tag="510" ind1="0" ind2="0">
    <subfield code="a">G&#252;nt(L) 2552</subfield>
  </datafield>
  <datafield tag="510" ind1="0" ind2="0">
    <subfield code="a">Mittler-Kind 75</subfield>
  </datafield>
  <datafield tag="510" ind1="0" ind2="0">
    <subfield code="a">Walsh 3585, 3586</subfield>
  </datafield>
  <datafield tag="510" ind1="0" ind2="0">
    <subfield code="a">Oates 2727</subfield>
  </datafield>
  <datafield tag="510" ind1="0" ind2="0">
    <subfield code="a">Rhodes(Oxford Colleges) 118</subfield>
  </datafield>
  <datafield tag="510" ind1="0" ind2="0">
    <subfield code="a">Bod-inc A-365</subfield>
  </datafield>
  <datafield tag="510" ind1="0" ind2="0">
    <subfield code="a">Sheppard 6062</subfield>
  </datafield>
  <datafield tag="510" ind1="0" ind2="0">
    <subfield code="a">Pr 7325</subfield>
  </datafield>
  <datafield tag="510" ind1="0" ind2="0">
    <subfield code="a">BMC VII 1118</subfield>
  </datafield>
  <datafield tag="510" ind1="0" ind2="0">
    <subfield code="a">BSB-Ink A-653</subfield>
  </datafield>
  <datafield tag="510" ind1="0" ind2="0">
    <subfield code="a">GW 2292</subfield>
  </datafield>
  <datafield tag="951" ind1="0" ind2="0">
    <subfield code="a">Cambridge UL</subfield>
  </datafield>
  <datafield tag="951" ind1="0" ind2="0">
    <subfield code="a">Cambridge, King's College</subfield>
  </datafield>
  <datafield tag="951" ind1="0" ind2="0">
    <subfield code="a">Cambridge, Trinity College</subfield>
  </datafield>
  <datafield tag="951" ind1="0" ind2="0">
    <subfield code="a">Oxford Bodley (with variants)</subfield>
  </datafield>
  <datafield tag="951" ind1="0" ind2="0">
    <subfield code="a">Oxford, Corpus Christi College</subfield>
  </datafield>
  <datafield tag="952" ind1="0" ind2="0">
    <subfield code="a">AmBML</subfield>
  </datafield>
  <datafield tag="952" ind1="0" ind2="0">
    <subfield code="a">BPubL</subfield>
  </datafield>
  <datafield tag="952" ind1="0" ind2="0">
    <subfield code="a">ColUL</subfield>
  </datafield>
  <datafield tag="952" ind1="0" ind2="0">
    <subfield code="a">FordUL</subfield>
  </datafield>
  <datafield tag="952" ind1="0" ind2="0">
    <subfield code="a">HarvCL</subfield>
  </datafield>
  <datafield tag="952" ind1="0" ind2="0">
    <subfield code="a">HEHL</subfield>
    <subfield code="b">(2)</subfield>
  </datafield>
  <datafield tag="952" ind1="0" ind2="0">
    <subfield code="a">InUL</subfield>
  </datafield>
  <datafield tag="952" ind1="0" ind2="0">
    <subfield code="a">LC</subfield>
    <subfield code="b">(3)</subfield>
  </datafield>
  <datafield tag="952" ind1="0" ind2="0">
    <subfield code="a">LC(T)</subfield>
    <subfield code="b">(3)</subfield>
  </datafield>
  <datafield tag="952" ind1="0" ind2="0">
    <subfield code="a">NewL</subfield>
  </datafield>
  <datafield tag="952" ind1="0" ind2="0">
    <subfield code="a">NiUL</subfield>
  </datafield>
  <datafield tag="952" ind1="0" ind2="0">
    <subfield code="a">PML</subfield>
  </datafield>
  <datafield tag="952" ind1="0" ind2="0">
    <subfield code="a">WArtGL</subfield>
  </datafield>
  <datafield tag="952" ind1="0" ind2="0">
    <subfield code="a">YUL</subfield>
  </datafield>
  <datafield tag="952" ind1="0" ind2="0">
    <subfield code="a">PandJG</subfield>
  </datafield>
  <datafield tag="954" ind1="0" ind2="0">
    <subfield code="a">Albenga Cap</subfield>
  </datafield>
  <datafield tag="954" ind1="0" ind2="0">
    <subfield code="a">Bergamo C</subfield>
  </datafield>
  <datafield tag="954" ind1="0" ind2="0">
    <subfield code="a">Bologna C</subfield>
  </datafield>
  <datafield tag="954" ind1="0" ind2="0">
    <subfield code="a">Brescia C</subfield>
  </datafield>
  <datafield tag="954" ind1="0" ind2="0">
    <subfield code="a">Cagliari U</subfield>
  </datafield>
  <datafield tag="954" ind1="0" ind2="0">
    <subfield code="a">Cava dei Tirreni Badia</subfield>
  </datafield>
  <datafield tag="954" ind1="0" ind2="0">
    <subfield code="a">Ferrara C</subfield>
  </datafield>
  <datafield tag="954" ind1="0" ind2="0">
    <subfield code="a">Firenze Carm</subfield>
  </datafield>
  <datafield tag="954" ind1="0" ind2="0">
    <subfield code="a">Genova Durazzo *BP</subfield>
  </datafield>
  <datafield tag="954" ind1="0" ind2="0">
    <subfield code="a">Genova U</subfield>
  </datafield>
  <datafield tag="954" ind1="0" ind2="0">
    <subfield code="a">Grosseto C</subfield>
  </datafield>
  <datafield tag="954" ind1="0" ind2="0">
    <subfield code="a">Lonato Da Como</subfield>
  </datafield>
  <datafield tag="954" ind1="0" ind2="0">
    <subfield code="a">Macerata C </subfield>
    <subfield code="b">(3)</subfield>
  </datafield>
  <datafield tag="954" ind1="0" ind2="0">
    <subfield code="a">Milano N</subfield>
  </datafield>
  <datafield tag="954" ind1="0" ind2="0">
    <subfield code="a">Milano Triv</subfield>
  </datafield>
  <datafield tag="954" ind1="0" ind2="0">
    <subfield code="a">Modena Est</subfield>
  </datafield>
  <datafield tag="954" ind1="0" ind2="0">
    <subfield code="a">Napoli N </subfield>
    <subfield code="b">(4)</subfield>
  </datafield>
  <datafield tag="954" ind1="0" ind2="0">
    <subfield code="a">Napoli U</subfield>
  </datafield>
  <datafield tag="954" ind1="0" ind2="0">
    <subfield code="a">Novara C</subfield>
  </datafield>
  <datafield tag="954" ind1="0" ind2="0">
    <subfield code="a">Padova Ant</subfield>
  </datafield>
  <datafield tag="954" ind1="0" ind2="0">
    <subfield code="a">Parma Pal</subfield>
  </datafield>
  <datafield tag="954" ind1="0" ind2="0">
    <subfield code="a">Piacenza C </subfield>
    <subfield code="b">(3)</subfield>
  </datafield>
  <datafield tag="954" ind1="0" ind2="0">
    <subfield code="a">Reggio Emilia C </subfield>
    <subfield code="b">(2)</subfield>
  </datafield>
  <datafield tag="954" ind1="0" ind2="0">
    <subfield code="a">Roma Cas</subfield>
  </datafield>
  <datafield tag="954" ind1="0" ind2="0">
    <subfield code="a">Roma Cors </subfield>
    <subfield code="b">(50.B.22)</subfield>
  </datafield>
  <datafield tag="954" ind1="0" ind2="0">
    <subfield code="a">Roma N </subfield>
    <subfield code="b">(70.7.D.21)</subfield>
  </datafield>
  <datafield tag="954" ind1="0" ind2="0">
    <subfield code="a">Roma Senato</subfield>
  </datafield>
  <datafield tag="954" ind1="0" ind2="0">
    <subfield code="a">Torino N </subfield>
    <subfield code="b">(2)</subfield>
  </datafield>
  <datafield tag="954" ind1="0" ind2="0">
    <subfield code="a">Venezia C </subfield>
    <subfield code="b">(2)</subfield>
  </datafield>
  <datafield tag="954" ind1="0" ind2="0">
    <subfield code="a">Venezia N</subfield>
  </datafield>
  <datafield tag="954" ind1="0" ind2="0">
    <subfield code="a">Verona C</subfield>
  </datafield>
  <datafield tag="954" ind1="0" ind2="0">
    <subfield code="a">Vaticano BAV </subfield>
    <subfield code="b">(3)</subfield>
  </datafield>
  <datafield tag="955" ind1="0" ind2="0">
    <subfield code="a">Barcelona BU</subfield>
  </datafield>
  <datafield tag="955" ind1="0" ind2="0">
    <subfield code="a">Madrid RAH</subfield>
  </datafield>
  <datafield tag="955" ind1="0" ind2="0">
    <subfield code="a">Madrid BCongreso</subfield>
  </datafield>
  <datafield tag="955" ind1="0" ind2="0">
    <subfield code="a">Madrid BN</subfield>
  </datafield>
  <datafield tag="957" ind1="0" ind2="0">
    <subfield code="a">Paris BN</subfield>
  </datafield>
  <datafield tag="957" ind1="0" ind2="0">
    <subfield code="a">Langres SHAL</subfield>
  </datafield>
  <datafield tag="957" ind1="0" ind2="0">
    <subfield code="a">Lyon BM (imperfect)</subfield>
  </datafield>
  <datafield tag="957" ind1="0" ind2="0">
    <subfield code="a">Strasbourg BNU</subfield>
  </datafield>
  <datafield tag="958" ind1="0" ind2="0">
    <subfield code="a">Basel UB</subfield>
  </datafield>
  <datafield tag="958" ind1="0" ind2="0">
    <subfield code="a">Copenhagen RL</subfield>
  </datafield>
  <datafield tag="958" ind1="0" ind2="0">
    <subfield code="a">Skokloster Castle</subfield>
  </datafield>
  <datafield tag="958" ind1="0" ind2="0">
    <subfield code="a">Stockholm RL</subfield>
  </datafield>
  <datafield tag="958" ind1="0" ind2="0">
    <subfield code="a">Uppsala UB (2)</subfield>
  </datafield>
  <datafield tag="959" ind1="1" ind2="0">
    <subfield code="a">090206jg</subfield>
  </datafield>
  <datafield tag="995" ind1="0" ind2="0">
    <subfield code="a">Antwerpen, R.van Lennep</subfield>
  </datafield>
  <datafield tag="996" ind1="0" ind2="0">
    <subfield code="a">Amsterdam UB 204</subfield>
  </datafield>
  <datafield tag="997" ind1="0" ind2="0">
    <subfield code="a">Arnstadt KB</subfield>
  </datafield>
  <datafield tag="997" ind1="0" ind2="0">
    <subfield code="a">Berlin SB</subfield>
  </datafield>
  <datafield tag="997" ind1="0" ind2="0">
    <subfield code="a">Erlangen UB</subfield>
  </datafield>
  <datafield tag="997" ind1="0" ind2="0">
    <subfield code="a">Freiburg i.Br. UB</subfield>
  </datafield>
  <datafield tag="997" ind1="0" ind2="0">
    <subfield code="a">G&#246;ttingen SUB</subfield>
  </datafield>
  <datafield tag="997" ind1="0" ind2="0">
    <subfield code="a">Gotha ForschLB</subfield>
  </datafield>
  <datafield tag="997" ind1="0" ind2="0">
    <subfield code="a">Leipzig DB/BuchM</subfield>
  </datafield>
  <datafield tag="997" ind1="0" ind2="0">
    <subfield code="a">Metten BenediktAbtei</subfield>
  </datafield>
  <datafield tag="997" ind1="0" ind2="0">
    <subfield code="a">M&#252;nchen BSB</subfield>
  </datafield>
  <datafield tag="997" ind1="0" ind2="0">
    <subfield code="a">Stuttgart WLB</subfield>
  </datafield>
  <datafield tag="997" ind1="0" ind2="0">
    <subfield code="a">T&#252;bingen UB</subfield>
  </datafield>
</record>