



<?xml version="1.0" encoding="ascii"?>
<record>
  <leader>04358     2201548   4500</leader>
  <controlfield tag="001">ia00936000</controlfield>
  <controlfield tag="008">800715s1493                        lat  </controlfield>
  <datafield tag="100" ind1="1" ind2="0">
    <subfield code="a">Apuleius Madaurensis, Lucius</subfield>
  </datafield>
  <datafield tag="245" ind1="1" ind2="0">
    <subfield code="a">Opera. Ed: Johannes Andreas, bishop of Aleria</subfield>
  </datafield>
  <datafield tag="260" ind1="0" ind2="0">
    <subfield code="a">Venice</subfield>
    <subfield code="b">Philippus Pincius</subfield>
    <subfield code="c">30 Apr. 1493</subfield>
  </datafield>
  <datafield tag="300" ind1="0" ind2="0">
    <subfield code="c">f~~</subfield>
  </datafield>
  <datafield tag="500" ind1="0" ind2="0">
    <subfield code="a">Contents: Asinus aureus, sive Metamorphosis. Florida. Apologia. De deo Socratis. De Platonis dogmate. Add: [Pseudo- Aristoteles]: De mundo (Tr: Apuleius). Hermes Trismegistus: Asclepius (Tr: Apuleius). Alcinous: Epitome disciplinarum Platonis (Tr: Petrus Balbus). On the probably erroneous attribution of Alcinous, Epitome to Albinus (cf. GW), see Alcinoos, Enseignement des doctrines de Platon, ed. John Whittaker (Paris, 1990). De mundo is the Latin reworking by Apuleius of the Pseudo- Aristotelian tract. The translation of Asclepius is probably not by Apuleius (CIBN)</subfield>
  </datafield>
  <datafield tag="510" ind1="0" ind2="0">
    <subfield code="a">Goff A936</subfield>
  </datafield>
  <datafield tag="510" ind1="0" ind2="0">
    <subfield code="a">HC 1317*</subfield>
  </datafield>
  <datafield tag="510" ind1="0" ind2="0">
    <subfield code="a">Pell 925</subfield>
  </datafield>
  <datafield tag="510" ind1="0" ind2="0">
    <subfield code="a">Frasson-Cochet 13</subfield>
  </datafield>
  <datafield tag="510" ind1="0" ind2="0">
    <subfield code="a">Jammes A-12</subfield>
  </datafield>
  <datafield tag="510" ind1="0" ind2="0">
    <subfield code="a">Delisle 116</subfield>
  </datafield>
  <datafield tag="510" ind1="0" ind2="0">
    <subfield code="a">Zehnacker 228</subfield>
  </datafield>
  <datafield tag="510" ind1="0" ind2="0">
    <subfield code="a">Polain(B) 286</subfield>
  </datafield>
  <datafield tag="510" ind1="0" ind2="0">
    <subfield code="a">IGI 771</subfield>
  </datafield>
  <datafield tag="510" ind1="0" ind2="0">
    <subfield code="a">IBP 452</subfield>
  </datafield>
  <datafield tag="510" ind1="0" ind2="0">
    <subfield code="a">Saj&#243;-Solt&#233;sz 273</subfield>
  </datafield>
  <datafield tag="510" ind1="0" ind2="0">
    <subfield code="a">IDL 386</subfield>
  </datafield>
  <datafield tag="510" ind1="0" ind2="0">
    <subfield code="a">IBE 503</subfield>
  </datafield>
  <datafield tag="510" ind1="0" ind2="0">
    <subfield code="a">Sallander 1565</subfield>
  </datafield>
  <datafield tag="510" ind1="0" ind2="0">
    <subfield code="a">Coll(S) 88</subfield>
  </datafield>
  <datafield tag="510" ind1="0" ind2="0">
    <subfield code="a">Madsen 290</subfield>
  </datafield>
  <datafield tag="510" ind1="0" ind2="0">
    <subfield code="a">Borm 201</subfield>
  </datafield>
  <datafield tag="510" ind1="0" ind2="0">
    <subfield code="a">Sch&#252;ling 76</subfield>
  </datafield>
  <datafield tag="510" ind1="0" ind2="0">
    <subfield code="a">G&#252;nt(L) 3541</subfield>
  </datafield>
  <datafield tag="510" ind1="0" ind2="0">
    <subfield code="a">Hubay(Augsburg) 159</subfield>
  </datafield>
  <datafield tag="510" ind1="0" ind2="0">
    <subfield code="a">Mittler-Kind 219</subfield>
  </datafield>
  <datafield tag="510" ind1="0" ind2="0">
    <subfield code="a">Oates 2069</subfield>
  </datafield>
  <datafield tag="510" ind1="0" ind2="0">
    <subfield code="a">Rhodes(Oxford Colleges) 122</subfield>
  </datafield>
  <datafield tag="510" ind1="0" ind2="0">
    <subfield code="a">Bod-inc A-371</subfield>
  </datafield>
  <datafield tag="510" ind1="0" ind2="0">
    <subfield code="a">Sheppard 4391</subfield>
  </datafield>
  <datafield tag="510" ind1="0" ind2="0">
    <subfield code="a">Pr 5297</subfield>
  </datafield>
  <datafield tag="510" ind1="0" ind2="0">
    <subfield code="a">BMC V 495</subfield>
  </datafield>
  <datafield tag="510" ind1="0" ind2="0">
    <subfield code="a">BSB-Ink A-660</subfield>
  </datafield>
  <datafield tag="510" ind1="0" ind2="0">
    <subfield code="a">GW 2303</subfield>
  </datafield>
  <datafield tag="951" ind1="0" ind2="0">
    <subfield code="a">Cambridge UL</subfield>
  </datafield>
  <datafield tag="951" ind1="0" ind2="0">
    <subfield code="a">Chatsworth</subfield>
  </datafield>
  <datafield tag="951" ind1="0" ind2="0">
    <subfield code="a">Eton College</subfield>
  </datafield>
  <datafield tag="951" ind1="0" ind2="0">
    <subfield code="a">Glasgow UL</subfield>
  </datafield>
  <datafield tag="951" ind1="0" ind2="0">
    <subfield code="a">Oxford Bodley</subfield>
  </datafield>
  <datafield tag="951" ind1="0" ind2="0">
    <subfield code="a">Oxford, New College</subfield>
  </datafield>
  <datafield tag="951" ind1="0" ind2="0">
    <subfield code="a">Dublin, Trinity College</subfield>
  </datafield>
  <datafield tag="952" ind1="0" ind2="0">
    <subfield code="a">BMawrCL</subfield>
  </datafield>
  <datafield tag="952" ind1="0" ind2="0">
    <subfield code="a">ColUL</subfield>
  </datafield>
  <datafield tag="952" ind1="0" ind2="0">
    <subfield code="a">FordUL</subfield>
  </datafield>
  <datafield tag="952" ind1="0" ind2="0">
    <subfield code="a">HEHL</subfield>
  </datafield>
  <datafield tag="952" ind1="0" ind2="0">
    <subfield code="a">LC</subfield>
  </datafield>
  <datafield tag="952" ind1="0" ind2="0">
    <subfield code="a">LC(T)</subfield>
  </datafield>
  <datafield tag="952" ind1="0" ind2="0">
    <subfield code="a">NewL</subfield>
  </datafield>
  <datafield tag="952" ind1="0" ind2="0">
    <subfield code="a">NYPL</subfield>
  </datafield>
  <datafield tag="952" ind1="0" ind2="0">
    <subfield code="a">StJUL</subfield>
  </datafield>
  <datafield tag="952" ind1="0" ind2="0">
    <subfield code="a">UBufL</subfield>
  </datafield>
  <datafield tag="952" ind1="0" ind2="0">
    <subfield code="a">UCalBL</subfield>
  </datafield>
  <datafield tag="952" ind1="0" ind2="0">
    <subfield code="a">UMich(S)L</subfield>
  </datafield>
  <datafield tag="952" ind1="0" ind2="0">
    <subfield code="a">YUL</subfield>
  </datafield>
  <datafield tag="952" ind1="0" ind2="0">
    <subfield code="a">FWA</subfield>
  </datafield>
  <datafield tag="953" ind1="0" ind2="0">
    <subfield code="a">New Plymouth (NZ), Dalberton Library</subfield>
  </datafield>
  <datafield tag="954" ind1="0" ind2="0">
    <subfield code="a">Cagliari U</subfield>
  </datafield>
  <datafield tag="954" ind1="0" ind2="0">
    <subfield code="a">Catania U</subfield>
  </datafield>
  <datafield tag="954" ind1="0" ind2="0">
    <subfield code="a">Chiari Morc </subfield>
    <subfield code="b">(imperfect)</subfield>
  </datafield>
  <datafield tag="954" ind1="0" ind2="0">
    <subfield code="a">Firenze N</subfield>
  </datafield>
  <datafield tag="954" ind1="0" ind2="0">
    <subfield code="a">Firenze Ricc</subfield>
  </datafield>
  <datafield tag="954" ind1="0" ind2="0">
    <subfield code="a">Forl&#236; C</subfield>
  </datafield>
  <datafield tag="954" ind1="0" ind2="0">
    <subfield code="a">Gallarate Aloisianum</subfield>
  </datafield>
  <datafield tag="954" ind1="0" ind2="0">
    <subfield code="a">Gubbio C</subfield>
  </datafield>
  <datafield tag="954" ind1="0" ind2="0">
    <subfield code="a">Lecce Facolt&#224; di Lettere</subfield>
  </datafield>
  <datafield tag="954" ind1="0" ind2="0">
    <subfield code="a">Lodi Sem</subfield>
  </datafield>
  <datafield tag="954" ind1="0" ind2="0">
    <subfield code="a">Lonato Da Como</subfield>
  </datafield>
  <datafield tag="954" ind1="0" ind2="0">
    <subfield code="a">Lugo C </subfield>
    <subfield code="b">(imperfect)</subfield>
  </datafield>
  <datafield tag="954" ind1="0" ind2="0">
    <subfield code="a">Mantova C</subfield>
  </datafield>
  <datafield tag="954" ind1="0" ind2="0">
    <subfield code="a">Milano Ambr </subfield>
    <subfield code="b">(2)</subfield>
  </datafield>
  <datafield tag="954" ind1="0" ind2="0">
    <subfield code="a">Milano N </subfield>
    <subfield code="b">(2)</subfield>
  </datafield>
  <datafield tag="954" ind1="0" ind2="0">
    <subfield code="a">Napoli N</subfield>
  </datafield>
  <datafield tag="954" ind1="0" ind2="0">
    <subfield code="a">Palazzolo C</subfield>
  </datafield>
  <datafield tag="954" ind1="0" ind2="0">
    <subfield code="a">Palermo C</subfield>
  </datafield>
  <datafield tag="954" ind1="0" ind2="0">
    <subfield code="a">Palermo R</subfield>
  </datafield>
  <datafield tag="954" ind1="0" ind2="0">
    <subfield code="a">Pavia U </subfield>
    <subfield code="b">(imperfect)</subfield>
  </datafield>
  <datafield tag="954" ind1="0" ind2="0">
    <subfield code="a">Pordenone Sem</subfield>
  </datafield>
  <datafield tag="954" ind1="0" ind2="0">
    <subfield code="a">Roma Ang</subfield>
  </datafield>
  <datafield tag="954" ind1="0" ind2="0">
    <subfield code="a">Roma Cas</subfield>
  </datafield>
  <datafield tag="954" ind1="0" ind2="0">
    <subfield code="a">Roma Cors </subfield>
    <subfield code="b">(51.B.8)</subfield>
  </datafield>
  <datafield tag="954" ind1="0" ind2="0">
    <subfield code="a">Roma N </subfield>
    <subfield code="b">(71.8.D.2)</subfield>
  </datafield>
  <datafield tag="954" ind1="0" ind2="0">
    <subfield code="a">Sassari U</subfield>
  </datafield>
  <datafield tag="954" ind1="0" ind2="0">
    <subfield code="a">Torino N</subfield>
  </datafield>
  <datafield tag="954" ind1="0" ind2="0">
    <subfield code="a">Udine Sem</subfield>
  </datafield>
  <datafield tag="954" ind1="0" ind2="0">
    <subfield code="a">Urbino U</subfield>
  </datafield>
  <datafield tag="954" ind1="0" ind2="0">
    <subfield code="a">Vallombrosa Abb</subfield>
  </datafield>
  <datafield tag="954" ind1="0" ind2="0">
    <subfield code="a">Venezia Lic Fosc</subfield>
  </datafield>
  <datafield tag="954" ind1="0" ind2="0">
    <subfield code="a">Venezia N</subfield>
  </datafield>
  <datafield tag="954" ind1="0" ind2="0">
    <subfield code="a">Vaticano BAV </subfield>
    <subfield code="b">(2)</subfield>
  </datafield>
  <datafield tag="955" ind1="0" ind2="0">
    <subfield code="a">Madrid BN</subfield>
  </datafield>
  <datafield tag="955" ind1="0" ind2="0">
    <subfield code="a">Palma BP</subfield>
  </datafield>
  <datafield tag="955" ind1="0" ind2="0">
    <subfield code="a">Zaragoza BU</subfield>
  </datafield>
  <datafield tag="957" ind1="0" ind2="0">
    <subfield code="a">Paris Inst. de France (2)</subfield>
  </datafield>
  <datafield tag="957" ind1="0" ind2="0">
    <subfield code="a">Chantilly MCond&#233;</subfield>
  </datafield>
  <datafield tag="957" ind1="0" ind2="0">
    <subfield code="a">Moulins BM</subfield>
  </datafield>
  <datafield tag="957" ind1="0" ind2="0">
    <subfield code="a">Strasbourg BNU</subfield>
  </datafield>
  <datafield tag="958" ind1="0" ind2="0">
    <subfield code="a">Copenhagen RL</subfield>
  </datafield>
  <datafield tag="958" ind1="0" ind2="0">
    <subfield code="a">Esztergom Eccl metr</subfield>
  </datafield>
  <datafield tag="958" ind1="0" ind2="0">
    <subfield code="a">Gda&#324;sk PAN</subfield>
  </datafield>
  <datafield tag="958" ind1="0" ind2="0">
    <subfield code="a">Innsbruck UB</subfield>
  </datafield>
  <datafield tag="958" ind1="0" ind2="0">
    <subfield code="a">Kalocsa Eccl metr</subfield>
  </datafield>
  <datafield tag="958" ind1="0" ind2="0">
    <subfield code="a">Krak&#243;w J</subfield>
  </datafield>
  <datafield tag="958" ind1="0" ind2="0">
    <subfield code="a">Oslo UB</subfield>
  </datafield>
  <datafield tag="958" ind1="0" ind2="0">
    <subfield code="a">Stockholm RL</subfield>
  </datafield>
  <datafield tag="958" ind1="0" ind2="0">
    <subfield code="a">Szczecin WM</subfield>
  </datafield>
  <datafield tag="958" ind1="0" ind2="0">
    <subfield code="a">Uppsala UB</subfield>
  </datafield>
  <datafield tag="958" ind1="0" ind2="0">
    <subfield code="a">Wroc&#322;aw U (2)</subfield>
  </datafield>
  <datafield tag="959" ind1="1" ind2="0">
    <subfield code="a">090209jg</subfield>
  </datafield>
  <datafield tag="995" ind1="0" ind2="0">
    <subfield code="a">Brussels, BR</subfield>
  </datafield>
  <datafield tag="996" ind1="0" ind2="0">
    <subfield code="a">Amsterdam BPH (2)</subfield>
  </datafield>
  <datafield tag="996" ind1="0" ind2="0">
    <subfield code="a">Leiden UB 29</subfield>
  </datafield>
  <datafield tag="996" ind1="0" ind2="0">
    <subfield code="a">Utrecht UB 49</subfield>
  </datafield>
  <datafield tag="997" ind1="0" ind2="0">
    <subfield code="a">Augsburg SStB</subfield>
  </datafield>
  <datafield tag="997" ind1="0" ind2="0">
    <subfield code="a">Giessen UB</subfield>
  </datafield>
  <datafield tag="997" ind1="0" ind2="0">
    <subfield code="a">G&#246;ttingen SUB</subfield>
  </datafield>
  <datafield tag="997" ind1="0" ind2="0">
    <subfield code="a">Heidelberg UB</subfield>
  </datafield>
  <datafield tag="997" ind1="0" ind2="0">
    <subfield code="a">Jena ULB</subfield>
  </datafield>
  <datafield tag="997" ind1="0" ind2="0">
    <subfield code="a">Leipzig UB</subfield>
  </datafield>
  <datafield tag="997" ind1="0" ind2="0">
    <subfield code="a">M&#252;nchen BSB </subfield>
    <subfield code="b">(2, 1 imperfect)</subfield>
  </datafield>
  <datafield tag="997" ind1="0" ind2="0">
    <subfield code="a">Stuttgart WLB</subfield>
  </datafield>
  <datafield tag="997" ind1="0" ind2="0">
    <subfield code="a">Weimar HAAB</subfield>
  </datafield>
  <datafield tag="997" ind1="0" ind2="0">
    <subfield code="a">Weissenburg StArch</subfield>
  </datafield>
  <datafield tag="997" ind1="0" ind2="0">
    <subfield code="a">Wiesbaden HLB</subfield>
  </datafield>
  <datafield tag="997" ind1="0" ind2="0">
    <subfield code="a">Wolfenb&#252;ttel HAB</subfield>
  </datafield>
</record>