



<?xml version="1.0" encoding="ascii"?>
<record>
  <leader>13135     2203780   4500</leader>
  <controlfield tag="001">ia00959000</controlfield>
  <controlfield tag="008">800715m14951498                    grc  </controlfield>
  <datafield tag="100" ind1="1" ind2="0">
    <subfield code="a">Aristoteles</subfield>
  </datafield>
  <datafield tag="245" ind1="1" ind2="0">
    <subfield code="a">Opera [Greek]. Contains also works of Galenus (II); Philo Judaeus (II); Theophrastus (II-IV); Alexander Aphrodisaeus (IV)</subfield>
  </datafield>
  <datafield tag="260" ind1="0" ind2="0">
    <subfield code="a">Venice</subfield>
    <subfield code="b">Aldus Manutius, Romanus</subfield>
    <subfield code="c">1495-98</subfield>
  </datafield>
  <datafield tag="300" ind1="0" ind2="0">
    <subfield code="c">f~~</subfield>
  </datafield>
  <datafield tag="500" ind1="0" ind2="0">
    <subfield code="a">In five parts, dated: I) 1 Nov. 1495; II) Feb. 1497; III) 29 Jan. 1497; IV) 1 June 1497; V) June 1498. For variants see CIBN and Hillard</subfield>
  </datafield>
  <datafield tag="510" ind1="0" ind2="0">
    <subfield code="a">Goff A959</subfield>
  </datafield>
  <datafield tag="510" ind1="0" ind2="0">
    <subfield code="a">HC 1657*</subfield>
  </datafield>
  <datafield tag="510" ind1="0" ind2="0">
    <subfield code="a">Klebs 83.1</subfield>
  </datafield>
  <datafield tag="510" ind1="0" ind2="0">
    <subfield code="a">Sander 591</subfield>
  </datafield>
  <datafield tag="510" ind1="0" ind2="0">
    <subfield code="a">Essling 862</subfield>
  </datafield>
  <datafield tag="510" ind1="0" ind2="0">
    <subfield code="a">Pell 1175</subfield>
  </datafield>
  <datafield tag="510" ind1="0" ind2="0">
    <subfield code="a">CIBN A-504</subfield>
  </datafield>
  <datafield tag="510" ind1="0" ind2="0">
    <subfield code="a">Hillard 175</subfield>
  </datafield>
  <datafield tag="510" ind1="0" ind2="0">
    <subfield code="a">Aquilon 38</subfield>
  </datafield>
  <datafield tag="510" ind1="0" ind2="0">
    <subfield code="a">Arnoult 114</subfield>
  </datafield>
  <datafield tag="510" ind1="0" ind2="0">
    <subfield code="a">Fernillot 65</subfield>
  </datafield>
  <datafield tag="510" ind1="0" ind2="0">
    <subfield code="a">Jammes A-13</subfield>
  </datafield>
  <datafield tag="510" ind1="0" ind2="0">
    <subfield code="a">Lef&#232;vre 32</subfield>
  </datafield>
  <datafield tag="510" ind1="0" ind2="0">
    <subfield code="a">Parguez 79</subfield>
  </datafield>
  <datafield tag="510" ind1="0" ind2="0">
    <subfield code="a">P&#233;ligry 79</subfield>
  </datafield>
  <datafield tag="510" ind1="0" ind2="0">
    <subfield code="a">Zehnacker 232</subfield>
  </datafield>
  <datafield tag="510" ind1="0" ind2="0">
    <subfield code="a">Delisle 144</subfield>
  </datafield>
  <datafield tag="510" ind1="0" ind2="0">
    <subfield code="a">Polain(B) 289</subfield>
  </datafield>
  <datafield tag="510" ind1="0" ind2="0">
    <subfield code="a">IGI 791</subfield>
  </datafield>
  <datafield tag="510" ind1="0" ind2="0">
    <subfield code="a">IBP 465</subfield>
  </datafield>
  <datafield tag="510" ind1="0" ind2="0">
    <subfield code="a">Saj&#243;-Solt&#233;sz 281</subfield>
  </datafield>
  <datafield tag="510" ind1="0" ind2="0">
    <subfield code="a">IDL 405</subfield>
  </datafield>
  <datafield tag="510" ind1="0" ind2="0">
    <subfield code="a">IBE 517</subfield>
  </datafield>
  <datafield tag="510" ind1="0" ind2="0">
    <subfield code="a">IJL2 31</subfield>
  </datafield>
  <datafield tag="510" ind1="0" ind2="0">
    <subfield code="a">Badali&#263;(Croatia) 94</subfield>
  </datafield>
  <datafield tag="510" ind1="0" ind2="0">
    <subfield code="a">Gspan-Badali&#263; 718</subfield>
  </datafield>
  <datafield tag="510" ind1="0" ind2="0">
    <subfield code="a">Mendes 123, 124, 125</subfield>
  </datafield>
  <datafield tag="510" ind1="0" ind2="0">
    <subfield code="a">Coll(S) 93</subfield>
  </datafield>
  <datafield tag="510" ind1="0" ind2="0">
    <subfield code="a">Coll(U) 157</subfield>
  </datafield>
  <datafield tag="510" ind1="0" ind2="0">
    <subfield code="a">Madsen 298, 299, 4337, 4338</subfield>
  </datafield>
  <datafield tag="510" ind1="0" ind2="0">
    <subfield code="a">Ohly-Sack 236</subfield>
  </datafield>
  <datafield tag="510" ind1="0" ind2="0">
    <subfield code="a">Voull(B) 4482 (I), 4491 (II), 4489 (III), 4492 (IV), 4501 (V)</subfield>
  </datafield>
  <datafield tag="510" ind1="0" ind2="0">
    <subfield code="a">Schmitt I 4482, 4489, 4491, 4492, 4501</subfield>
  </datafield>
  <datafield tag="510" ind1="0" ind2="0">
    <subfield code="a">G&#252;nt(L) 3448, 3454, 3452, 3455, 3461</subfield>
  </datafield>
  <datafield tag="510" ind1="0" ind2="0">
    <subfield code="a">Mittler-Kind 79</subfield>
  </datafield>
  <datafield tag="510" ind1="0" ind2="0">
    <subfield code="a">Walsh 2630, 2630A, 2644, 2644A, 2643, 2643A, 2645, 2645A, 2662</subfield>
  </datafield>
  <datafield tag="510" ind1="0" ind2="0">
    <subfield code="a">Oates 2162, 2163, 2164, 2172, 2170, 2173, 2174, 2182</subfield>
  </datafield>
  <datafield tag="510" ind1="0" ind2="0">
    <subfield code="a">Rhodes(Oxford Colleges) 130</subfield>
  </datafield>
  <datafield tag="510" ind1="0" ind2="0">
    <subfield code="a">Bod-inc A-384</subfield>
  </datafield>
  <datafield tag="510" ind1="0" ind2="0">
    <subfield code="a">Sheppard 4611, 4612, 4613, 4623, 4624, 4625, 4626, 4627, 4628, 4629, 4630, 4631, 4632, 4633, 4647, 4648</subfield>
  </datafield>
  <datafield tag="510" ind1="0" ind2="0">
    <subfield code="a">Pr 5547, 5555, 5553, 5556, 5565</subfield>
  </datafield>
  <datafield tag="510" ind1="0" ind2="0">
    <subfield code="a">BMC V 553, 556, 555, 556, 558</subfield>
  </datafield>
  <datafield tag="510" ind1="0" ind2="0">
    <subfield code="a">BSB-Ink A-698</subfield>
  </datafield>
  <datafield tag="510" ind1="0" ind2="0">
    <subfield code="a">GW 2334</subfield>
  </datafield>
  <datafield tag="951" ind1="0" ind2="0">
    <subfield code="a">Aberdeen UL (IV, imperfect)</subfield>
  </datafield>
  <datafield tag="951" ind1="0" ind2="0">
    <subfield code="a">Birmingham PL (V)</subfield>
  </datafield>
  <datafield tag="951" ind1="0" ind2="0">
    <subfield code="a">Cambridge UL (I: 3, 1 imperfect, II-III, IV (2, 1 wanting Theophrastus, 1 Theophrastus only), V)</subfield>
  </datafield>
  <datafield tag="951" ind1="0" ind2="0">
    <subfield code="a">Cambridge, Christ's College</subfield>
  </datafield>
  <datafield tag="951" ind1="0" ind2="0">
    <subfield code="a">Cambridge, Emmanuel College</subfield>
  </datafield>
  <datafield tag="951" ind1="0" ind2="0">
    <subfield code="a">Cambridge, Fitzwilliam Museum (I)</subfield>
  </datafield>
  <datafield tag="951" ind1="0" ind2="0">
    <subfield code="a">Cambridge, Gonville and Caius College (II, IV, V [2])</subfield>
  </datafield>
  <datafield tag="951" ind1="0" ind2="0">
    <subfield code="a">Cambridge, King's College (I: 2, II, III: 2, IV, V: 2)</subfield>
  </datafield>
  <datafield tag="951" ind1="0" ind2="0">
    <subfield code="a">Cambridge, Queens' College</subfield>
  </datafield>
  <datafield tag="951" ind1="0" ind2="0">
    <subfield code="a">Cambridge, St John's College</subfield>
  </datafield>
  <datafield tag="951" ind1="0" ind2="0">
    <subfield code="a">Cambridge, Trinity College (I-II: 3, III: 2, IV: 3, V: 2)</subfield>
  </datafield>
  <datafield tag="951" ind1="0" ind2="0">
    <subfield code="a">Chatsworth</subfield>
  </datafield>
  <datafield tag="951" ind1="0" ind2="0">
    <subfield code="a">Coleraine, Ulster UL</subfield>
  </datafield>
  <datafield tag="951" ind1="0" ind2="0">
    <subfield code="a">Edinburgh NLS (Inc.190, 196, 198, 199.5 = Ry.II.a.5: Beattie(1) p.178. Inc.195 (III). Inc.197 (II, III imperfect). Inc.198* (III, IV imperfect))</subfield>
  </datafield>
  <datafield tag="951" ind1="0" ind2="0">
    <subfield code="a">Edinburgh PL (I)</subfield>
  </datafield>
  <datafield tag="951" ind1="0" ind2="0">
    <subfield code="a">Eton College</subfield>
  </datafield>
  <datafield tag="951" ind1="0" ind2="0">
    <subfield code="a">Glasgow UL (2, 1 Hunterian)</subfield>
  </datafield>
  <datafield tag="951" ind1="0" ind2="0">
    <subfield code="a">Hatfield Broad Oak, St Mary's Church (V)</subfield>
  </datafield>
  <datafield tag="951" ind1="0" ind2="0">
    <subfield code="a">Leeds UL (Brotherton, Theophrastus only)</subfield>
  </datafield>
  <datafield tag="951" ind1="0" ind2="0">
    <subfield code="a">London, Dr Williams's Library (I)</subfield>
  </datafield>
  <datafield tag="951" ind1="0" ind2="0">
    <subfield code="a">London, King's College</subfield>
  </datafield>
  <datafield tag="951" ind1="0" ind2="0">
    <subfield code="a">London, Lambeth Palace</subfield>
  </datafield>
  <datafield tag="951" ind1="0" ind2="0">
    <subfield code="a">London, Natural History Museum</subfield>
  </datafield>
  <datafield tag="951" ind1="0" ind2="0">
    <subfield code="a">London, Royal College of Surgeons (I)</subfield>
  </datafield>
  <datafield tag="951" ind1="0" ind2="0">
    <subfield code="a">London, University College  (II)</subfield>
  </datafield>
  <datafield tag="951" ind1="0" ind2="0">
    <subfield code="a">London, Wellcome Institute (III-IV)</subfield>
  </datafield>
  <datafield tag="951" ind1="0" ind2="0">
    <subfield code="a">Manchester JRL Christie 33h7-13, R 9880 (III), 22939 (III-V, vellum)</subfield>
  </datafield>
  <datafield tag="951" ind1="0" ind2="0">
    <subfield code="a">Manchester, Chetham's Library (II)</subfield>
  </datafield>
  <datafield tag="951" ind1="0" ind2="0">
    <subfield code="a">Oxford Bodley (I-III: 3, IV: 5 (3 imperfect), V: 2 (1 vell))</subfield>
  </datafield>
  <datafield tag="951" ind1="0" ind2="0">
    <subfield code="a">Oxford, All Souls College (II, III)</subfield>
  </datafield>
  <datafield tag="951" ind1="0" ind2="0">
    <subfield code="a">Oxford, Balliol College</subfield>
  </datafield>
  <datafield tag="951" ind1="0" ind2="0">
    <subfield code="a">Oxford, Brasenose College (IV)</subfield>
  </datafield>
  <datafield tag="951" ind1="0" ind2="0">
    <subfield code="a">Oxford, Christ Church</subfield>
  </datafield>
  <datafield tag="951" ind1="0" ind2="0">
    <subfield code="a">Oxford, Corpus Christi College(I, II-IV: 2, V)</subfield>
  </datafield>
  <datafield tag="951" ind1="0" ind2="0">
    <subfield code="a">Oxford, Exeter College</subfield>
  </datafield>
  <datafield tag="951" ind1="0" ind2="0">
    <subfield code="a">Oxford, Jesus College (IV)</subfield>
  </datafield>
  <datafield tag="951" ind1="0" ind2="0">
    <subfield code="a">Oxford, Magdalen College (I, II, IV)</subfield>
  </datafield>
  <datafield tag="951" ind1="0" ind2="0">
    <subfield code="a">Oxford, Merton College</subfield>
  </datafield>
  <datafield tag="951" ind1="0" ind2="0">
    <subfield code="a">Oxford, New College (I, II: 4, III: 2, IV, V: 4 [one set, I-V, vellum])</subfield>
  </datafield>
  <datafield tag="951" ind1="0" ind2="0">
    <subfield code="a">Oxford, Pembroke College (2)</subfield>
  </datafield>
  <datafield tag="951" ind1="0" ind2="0">
    <subfield code="a">Oxford, Philosophical Faculty (I)</subfield>
  </datafield>
  <datafield tag="951" ind1="0" ind2="0">
    <subfield code="a">Oxford, Queen's College</subfield>
  </datafield>
  <datafield tag="951" ind1="0" ind2="0">
    <subfield code="a">Oxford, Wadham College (I)</subfield>
  </datafield>
  <datafield tag="951" ind1="0" ind2="0">
    <subfield code="a">St Andrews UL (I, II: 2, III, IV: 2 (1 imperfect), V)</subfield>
  </datafield>
  <datafield tag="951" ind1="0" ind2="0">
    <subfield code="a">Wells CL (I-II, IV-V)</subfield>
  </datafield>
  <datafield tag="951" ind1="0" ind2="0">
    <subfield code="a">National Trust (2)</subfield>
  </datafield>
  <datafield tag="951" ind1="0" ind2="0">
    <subfield code="a">Dublin, Trinity College</subfield>
  </datafield>
  <datafield tag="951" ind1="0" ind2="0">
    <subfield code="a">Dublin, Worth Library</subfield>
  </datafield>
  <datafield tag="952" ind1="0" ind2="0">
    <subfield code="a">BAthL</subfield>
    <subfield code="b">(V-)</subfield>
  </datafield>
  <datafield tag="952" ind1="0" ind2="0">
    <subfield code="a">BMawrCL</subfield>
    <subfield code="b">(IV)</subfield>
  </datafield>
  <datafield tag="952" ind1="0" ind2="0">
    <subfield code="a">BMSL</subfield>
    <subfield code="b">(IV)</subfield>
  </datafield>
  <datafield tag="952" ind1="0" ind2="0">
    <subfield code="a">BPubL</subfield>
    <subfield code="b">(I-III, IV [2], V)</subfield>
  </datafield>
  <datafield tag="952" ind1="0" ind2="0">
    <subfield code="a">ChiBGL</subfield>
    <subfield code="b">(IV, -)</subfield>
  </datafield>
  <datafield tag="952" ind1="0" ind2="0">
    <subfield code="a">ChL</subfield>
  </datafield>
  <datafield tag="952" ind1="0" ind2="0">
    <subfield code="a">CMUL</subfield>
    <subfield code="b">(II-IV, -)</subfield>
  </datafield>
  <datafield tag="952" ind1="0" ind2="0">
    <subfield code="a">ColUL</subfield>
  </datafield>
  <datafield tag="952" ind1="0" ind2="0">
    <subfield code="a">CorMGL</subfield>
  </datafield>
  <datafield tag="952" ind1="0" ind2="0">
    <subfield code="a">CornUL</subfield>
  </datafield>
  <datafield tag="952" ind1="0" ind2="0">
    <subfield code="a">CPhL</subfield>
  </datafield>
  <datafield tag="952" ind1="0" ind2="0">
    <subfield code="a">DickCL</subfield>
    <subfield code="b">(I, II [- ff246-end])</subfield>
  </datafield>
  <datafield tag="952" ind1="0" ind2="0">
    <subfield code="a">DuUL</subfield>
    <subfield code="b">(V)</subfield>
  </datafield>
  <datafield tag="952" ind1="0" ind2="0">
    <subfield code="a">HarvCL</subfield>
    <subfield code="b">(I [3], II-V [2])</subfield>
  </datafield>
  <datafield tag="952" ind1="0" ind2="0">
    <subfield code="a">Harv(M)L</subfield>
    <subfield code="b">(I-III, IV, pt.1)</subfield>
  </datafield>
  <datafield tag="952" ind1="0" ind2="0">
    <subfield code="a">HEHL</subfield>
    <subfield code="b">(2, 1 IV -)</subfield>
  </datafield>
  <datafield tag="952" ind1="0" ind2="0">
    <subfield code="a">HUCL</subfield>
    <subfield code="b">(II)</subfield>
  </datafield>
  <datafield tag="952" ind1="0" ind2="0">
    <subfield code="a">JCBL</subfield>
  </datafield>
  <datafield tag="952" ind1="0" ind2="0">
    <subfield code="a">LC</subfield>
  </datafield>
  <datafield tag="952" ind1="0" ind2="0">
    <subfield code="a">LC(B)</subfield>
    <subfield code="b">(I)</subfield>
  </datafield>
  <datafield tag="952" ind1="0" ind2="0">
    <subfield code="a">LC(T)</subfield>
    <subfield code="b">(III)</subfield>
  </datafield>
  <datafield tag="952" ind1="0" ind2="0">
    <subfield code="a">LindHL</subfield>
    <subfield code="b">(I-IV)</subfield>
  </datafield>
  <datafield tag="952" ind1="0" ind2="0">
    <subfield code="a">NewL</subfield>
  </datafield>
  <datafield tag="952" ind1="0" ind2="0">
    <subfield code="a">NYPL</subfield>
  </datafield>
  <datafield tag="952" ind1="0" ind2="0">
    <subfield code="a">OcCL</subfield>
    <subfield code="b">(I)</subfield>
  </datafield>
  <datafield tag="952" ind1="0" ind2="0">
    <subfield code="a">PhFL</subfield>
    <subfield code="b">(IV)</subfield>
  </datafield>
  <datafield tag="952" ind1="0" ind2="0">
    <subfield code="a">PML</subfield>
  </datafield>
  <datafield tag="952" ind1="0" ind2="0">
    <subfield code="a">PrinUL</subfield>
    <subfield code="b">(I [2], II, III [2], IV, V [2])</subfield>
  </datafield>
  <datafield tag="952" ind1="0" ind2="0">
    <subfield code="a">SFPL</subfield>
  </datafield>
  <datafield tag="952" ind1="0" ind2="0">
    <subfield code="a">Sm(D)L</subfield>
  </datafield>
  <datafield tag="952" ind1="0" ind2="0">
    <subfield code="a">SoMeth(B)UL</subfield>
    <subfield code="b">(V-4ff)</subfield>
  </datafield>
  <datafield tag="952" ind1="0" ind2="0">
    <subfield code="a">StanUL</subfield>
    <subfield code="b">(-)</subfield>
  </datafield>
  <datafield tag="952" ind1="0" ind2="0">
    <subfield code="a">SyrUL</subfield>
  </datafield>
  <datafield tag="952" ind1="0" ind2="0">
    <subfield code="a">UCalBL</subfield>
    <subfield code="b">(IV-)</subfield>
  </datafield>
  <datafield tag="952" ind1="0" ind2="0">
    <subfield code="a">UCalLAL</subfield>
  </datafield>
  <datafield tag="952" ind1="0" ind2="0">
    <subfield code="a">UChiL</subfield>
    <subfield code="b">(I-V, IV)</subfield>
  </datafield>
  <datafield tag="952" ind1="0" ind2="0">
    <subfield code="a">UIllL</subfield>
    <subfield code="b">(-)</subfield>
  </datafield>
  <datafield tag="952" ind1="0" ind2="0">
    <subfield code="a">UMichL</subfield>
    <subfield code="b">(I)</subfield>
  </datafield>
  <datafield tag="952" ind1="0" ind2="0">
    <subfield code="a">UMinL</subfield>
    <subfield code="b">(I,IV-)</subfield>
  </datafield>
  <datafield tag="952" ind1="0" ind2="0">
    <subfield code="a">UOkL</subfield>
  </datafield>
  <datafield tag="952" ind1="0" ind2="0">
    <subfield code="a">UPaL</subfield>
  </datafield>
  <datafield tag="952" ind1="0" ind2="0">
    <subfield code="a">UTex(M)L</subfield>
  </datafield>
  <datafield tag="952" ind1="0" ind2="0">
    <subfield code="a">UTexL</subfield>
    <subfield code="b">(I (3), II-V (2))</subfield>
  </datafield>
  <datafield tag="952" ind1="0" ind2="0">
    <subfield code="a">WArtGL</subfield>
    <subfield code="b">(I-IV, V [2])</subfield>
  </datafield>
  <datafield tag="952" ind1="0" ind2="0">
    <subfield code="a">WatkL</subfield>
    <subfield code="b">(I-IV, III -)</subfield>
  </datafield>
  <datafield tag="952" ind1="0" ind2="0">
    <subfield code="a">YUL</subfield>
    <subfield code="b">(I [3, var], II-III, IV (2, 1 -), V [2])</subfield>
  </datafield>
  <datafield tag="952" ind1="0" ind2="0">
    <subfield code="a">FDC</subfield>
    <subfield code="b">(IV, pt 1)</subfield>
  </datafield>
  <datafield tag="952" ind1="0" ind2="0">
    <subfield code="a">GU</subfield>
  </datafield>
  <datafield tag="952" ind1="0" ind2="0">
    <subfield code="a">JHSch</subfield>
  </datafield>
  <datafield tag="952" ind1="0" ind2="0">
    <subfield code="a">PandJG</subfield>
    <subfield code="b">(I, II [2], III-V)</subfield>
  </datafield>
  <datafield tag="952" ind1="0" ind2="0">
    <subfield code="a">TKB</subfield>
  </datafield>
  <datafield tag="953" ind1="0" ind2="0">
    <subfield code="a">Halifax (Nova Scotia), King's College UL (I, III [wanting title], IV [ff.1-343], V [wanting title])</subfield>
  </datafield>
  <datafield tag="953" ind1="0" ind2="0">
    <subfield code="a">Fukuoka UL (I-IV, V imperfect)</subfield>
  </datafield>
  <datafield tag="953" ind1="0" ind2="0">
    <subfield code="a">Kanazawa Institute of Technology</subfield>
  </datafield>
  <datafield tag="953" ind1="0" ind2="0">
    <subfield code="a">Tokyo, Keio UL</subfield>
  </datafield>
  <datafield tag="953" ind1="0" ind2="0">
    <subfield code="a">Melbourne SL (I)</subfield>
  </datafield>
  <datafield tag="953" ind1="0" ind2="0">
    <subfield code="a">Montreal McGill(Osler) UL</subfield>
  </datafield>
  <datafield tag="953" ind1="0" ind2="0">
    <subfield code="a">Sydney SL (I)</subfield>
  </datafield>
  <datafield tag="953" ind1="0" ind2="0">
    <subfield code="a">Tokyo, Keio UL</subfield>
  </datafield>
  <datafield tag="953" ind1="0" ind2="0">
    <subfield code="a">Toronto Fisher (IV)</subfield>
  </datafield>
  <datafield tag="954" ind1="0" ind2="0">
    <subfield code="a">Alessandria C </subfield>
    <subfield code="b">(III)</subfield>
  </datafield>
  <datafield tag="954" ind1="0" ind2="0">
    <subfield code="a">Bergamo C </subfield>
    <subfield code="b">(V)</subfield>
  </datafield>
  <datafield tag="954" ind1="0" ind2="0">
    <subfield code="a">Bergamo Sem</subfield>
  </datafield>
  <datafield tag="954" ind1="0" ind2="0">
    <subfield code="a">Bologna C</subfield>
  </datafield>
  <datafield tag="954" ind1="0" ind2="0">
    <subfield code="a">Bologna Ist Rizzoli </subfield>
    <subfield code="b">(IV-V)</subfield>
  </datafield>
  <datafield tag="954" ind1="0" ind2="0">
    <subfield code="a">Bologna U </subfield>
    <subfield code="b">(2 I, II-III, 2 IV, V)</subfield>
  </datafield>
  <datafield tag="954" ind1="0" ind2="0">
    <subfield code="a">Brescia C </subfield>
    <subfield code="b">(I, III-IV)</subfield>
  </datafield>
  <datafield tag="954" ind1="0" ind2="0">
    <subfield code="a">Como C</subfield>
  </datafield>
  <datafield tag="954" ind1="0" ind2="0">
    <subfield code="a">Fabriano C </subfield>
    <subfield code="b">(I-II)</subfield>
  </datafield>
  <datafield tag="954" ind1="0" ind2="0">
    <subfield code="a">Ferrara C </subfield>
    <subfield code="b">(V)</subfield>
  </datafield>
  <datafield tag="954" ind1="0" ind2="0">
    <subfield code="a">Firenze Laur </subfield>
    <subfield code="b">(3, 1 vellum II-IV)</subfield>
  </datafield>
  <datafield tag="954" ind1="0" ind2="0">
    <subfield code="a">Firenze Maruc </subfield>
    <subfield code="b">(2, 1 I-IV, 1 III)</subfield>
  </datafield>
  <datafield tag="954" ind1="0" ind2="0">
    <subfield code="a">Firenze N </subfield>
    <subfield code="b">(3)</subfield>
  </datafield>
  <datafield tag="954" ind1="0" ind2="0">
    <subfield code="a">Firenze Ricc </subfield>
    <subfield code="b">(I-III, 2 IV, V)</subfield>
  </datafield>
  <datafield tag="954" ind1="0" ind2="0">
    <subfield code="a">Genova Durazzo *BP </subfield>
    <subfield code="b">(III imperfect)</subfield>
  </datafield>
  <datafield tag="954" ind1="0" ind2="0">
    <subfield code="a">Genova Franzon</subfield>
  </datafield>
  <datafield tag="954" ind1="0" ind2="0">
    <subfield code="a">Genova U</subfield>
  </datafield>
  <datafield tag="954" ind1="0" ind2="0">
    <subfield code="a">Lucca Sem </subfield>
    <subfield code="b">(II, IV)</subfield>
  </datafield>
  <datafield tag="954" ind1="0" ind2="0">
    <subfield code="a">Milano Ambr </subfield>
    <subfield code="b">(3, 1 I, III, V)</subfield>
  </datafield>
  <datafield tag="954" ind1="0" ind2="0">
    <subfield code="a">Milano Mus Poldi Pezzoli</subfield>
  </datafield>
  <datafield tag="954" ind1="0" ind2="0">
    <subfield code="a">Milano N</subfield>
  </datafield>
  <datafield tag="954" ind1="0" ind2="0">
    <subfield code="a">Milano Triv</subfield>
  </datafield>
  <datafield tag="954" ind1="0" ind2="0">
    <subfield code="a">Modena Est </subfield>
    <subfield code="b">(2, 1 V imperfect)</subfield>
  </datafield>
  <datafield tag="954" ind1="0" ind2="0">
    <subfield code="a">Montecassino Ben </subfield>
    <subfield code="b">(I)</subfield>
  </datafield>
  <datafield tag="954" ind1="0" ind2="0">
    <subfield code="a">Napoli N </subfield>
    <subfield code="b">(3)</subfield>
  </datafield>
  <datafield tag="954" ind1="0" ind2="0">
    <subfield code="a">Napoli Orat </subfield>
    <subfield code="b">(IV)</subfield>
  </datafield>
  <datafield tag="954" ind1="0" ind2="0">
    <subfield code="a">Napoli San Luigi </subfield>
    <subfield code="b">(II)</subfield>
  </datafield>
  <datafield tag="954" ind1="0" ind2="0">
    <subfield code="a">Napoli U </subfield>
    <subfield code="b">(2)</subfield>
  </datafield>
  <datafield tag="954" ind1="0" ind2="0">
    <subfield code="a">Padova Ant </subfield>
    <subfield code="b">(I)</subfield>
  </datafield>
  <datafield tag="954" ind1="0" ind2="0">
    <subfield code="a">Padova C </subfield>
    <subfield code="b">(I)</subfield>
  </datafield>
  <datafield tag="954" ind1="0" ind2="0">
    <subfield code="a">Padova U </subfield>
    <subfield code="b">(I imperfect, wanting f.65-234)</subfield>
  </datafield>
  <datafield tag="954" ind1="0" ind2="0">
    <subfield code="a">Palermo C </subfield>
    <subfield code="b">(imperfect)</subfield>
  </datafield>
  <datafield tag="954" ind1="0" ind2="0">
    <subfield code="a">Palermo Sem </subfield>
    <subfield code="b">(I, V)</subfield>
  </datafield>
  <datafield tag="954" ind1="0" ind2="0">
    <subfield code="a">Parma Pal </subfield>
    <subfield code="b">(2, 1 I)</subfield>
  </datafield>
  <datafield tag="954" ind1="0" ind2="0">
    <subfield code="a">Perugia C </subfield>
    <subfield code="b">(2, 1 I)</subfield>
  </datafield>
  <datafield tag="954" ind1="0" ind2="0">
    <subfield code="a">Piacenza C</subfield>
  </datafield>
  <datafield tag="954" ind1="0" ind2="0">
    <subfield code="a">Pisa U</subfield>
  </datafield>
  <datafield tag="954" ind1="0" ind2="0">
    <subfield code="a">Poppi C </subfield>
    <subfield code="b">(V)</subfield>
  </datafield>
  <datafield tag="954" ind1="0" ind2="0">
    <subfield code="a">Roma Ang </subfield>
    <subfield code="b">(2)</subfield>
  </datafield>
  <datafield tag="954" ind1="0" ind2="0">
    <subfield code="a">Roma Cas </subfield>
    <subfield code="b">(2, 1 IV imperfect)</subfield>
  </datafield>
  <datafield tag="954" ind1="0" ind2="0">
    <subfield code="a">Roma Cors </subfield>
    <subfield code="b">(55.H.27,22-25)</subfield>
  </datafield>
  <datafield tag="954" ind1="0" ind2="0">
    <subfield code="a">Roma Lanc </subfield>
    <subfield code="b">(I: Inc.12)</subfield>
  </datafield>
  <datafield tag="954" ind1="0" ind2="0">
    <subfield code="a">Roma N </subfield>
    <subfield code="b">(71.8.E.16-20)</subfield>
  </datafield>
  <datafield tag="954" ind1="0" ind2="0">
    <subfield code="a">Roma U</subfield>
  </datafield>
  <datafield tag="954" ind1="0" ind2="0">
    <subfield code="a">Roma U Urb</subfield>
  </datafield>
  <datafield tag="954" ind1="0" ind2="0">
    <subfield code="a">Torino N </subfield>
    <subfield code="b">(3)</subfield>
  </datafield>
  <datafield tag="954" ind1="0" ind2="0">
    <subfield code="a">Venezia Lic Fosc </subfield>
    <subfield code="b">(IV)</subfield>
  </datafield>
  <datafield tag="954" ind1="0" ind2="0">
    <subfield code="a">Venezia N </subfield>
    <subfield code="b">(2, 1 IV.2)</subfield>
  </datafield>
  <datafield tag="954" ind1="0" ind2="0">
    <subfield code="a">Verona C </subfield>
    <subfield code="b">(I-III, V)</subfield>
  </datafield>
  <datafield tag="954" ind1="0" ind2="0">
    <subfield code="a">Verona Cap</subfield>
  </datafield>
  <datafield tag="954" ind1="0" ind2="0">
    <subfield code="a">Vicenza C </subfield>
    <subfield code="b">(I)</subfield>
  </datafield>
  <datafield tag="954" ind1="0" ind2="0">
    <subfield code="a">Vaticano BAV </subfield>
    <subfield code="b">(12, 4 I, 2 II, 1 V)</subfield>
  </datafield>
  <datafield tag="955" ind1="0" ind2="0">
    <subfield code="a">C&#243;rdoba BCap (II-V)</subfield>
  </datafield>
  <datafield tag="955" ind1="0" ind2="0">
    <subfield code="a">El Escorial RMon</subfield>
  </datafield>
  <datafield tag="955" ind1="0" ind2="0">
    <subfield code="a">Madrid BN</subfield>
  </datafield>
  <datafield tag="955" ind1="0" ind2="0">
    <subfield code="a">Madrid BPalacio Real</subfield>
  </datafield>
  <datafield tag="955" ind1="0" ind2="0">
    <subfield code="a">Madrid BU</subfield>
  </datafield>
  <datafield tag="955" ind1="0" ind2="0">
    <subfield code="a">Madrid March</subfield>
  </datafield>
  <datafield tag="955" ind1="0" ind2="0">
    <subfield code="a">Montserrat Mon</subfield>
  </datafield>
  <datafield tag="955" ind1="0" ind2="0">
    <subfield code="a">Salamanca BU</subfield>
  </datafield>
  <datafield tag="955" ind1="0" ind2="0">
    <subfield code="a">Tarragona BP (V)</subfield>
  </datafield>
  <datafield tag="955" ind1="0" ind2="0">
    <subfield code="a">Zaragoza SCarlos</subfield>
  </datafield>
  <datafield tag="955" ind1="0" ind2="0">
    <subfield code="a">Coimbra BU</subfield>
  </datafield>
  <datafield tag="955" ind1="0" ind2="0">
    <subfield code="a">Lisboa BN (3, wanting parts, 2 imperfect)</subfield>
  </datafield>
  <datafield tag="957" ind1="0" ind2="0">
    <subfield code="a">Paris BN (9: 2 vellum [both II-V], 2 I only, 2 IV only [both imperfect], 2 V only [both imperfect])</subfield>
  </datafield>
  <datafield tag="957" ind1="0" ind2="0">
    <subfield code="a">Paris, Inst. de France (3, 1 I only, 1 imperfect, 1 V only)</subfield>
  </datafield>
  <datafield tag="957" ind1="0" ind2="0">
    <subfield code="a">Paris, Mazarine (2, 1 III-V, imperfect, 1 I only)</subfield>
  </datafield>
  <datafield tag="957" ind1="0" ind2="0">
    <subfield code="a">Paris, Richelieu</subfield>
  </datafield>
  <datafield tag="957" ind1="0" ind2="0">
    <subfield code="a">Paris, V. Cousin</subfield>
  </datafield>
  <datafield tag="957" ind1="0" ind2="0">
    <subfield code="a">Blois BM (IV)</subfield>
  </datafield>
  <datafield tag="957" ind1="0" ind2="0">
    <subfield code="a">Bourges BM (IV)</subfield>
  </datafield>
  <datafield tag="957" ind1="0" ind2="0">
    <subfield code="a">Chantilly MCond&#233;</subfield>
  </datafield>
  <datafield tag="957" ind1="0" ind2="0">
    <subfield code="a">Chaumont BM (IV only)</subfield>
  </datafield>
  <datafield tag="957" ind1="0" ind2="0">
    <subfield code="a">Lyon BM (2, imperfect)</subfield>
  </datafield>
  <datafield tag="957" ind1="0" ind2="0">
    <subfield code="a">Montpellier BIU</subfield>
  </datafield>
  <datafield tag="957" ind1="0" ind2="0">
    <subfield code="a">Strasbourg BNU</subfield>
  </datafield>
  <datafield tag="957" ind1="0" ind2="0">
    <subfield code="a">Toulouse BM (imperfect)</subfield>
  </datafield>
  <datafield tag="957" ind1="0" ind2="0">
    <subfield code="a">Troyes BM</subfield>
  </datafield>
  <datafield tag="958" ind1="0" ind2="0">
    <subfield code="a">Athens EB (2, 1 IV.2 only)</subfield>
  </datafield>
  <datafield tag="958" ind1="0" ind2="0">
    <subfield code="a">Athens Boule (II, III)</subfield>
  </datafield>
  <datafield tag="958" ind1="0" ind2="0">
    <subfield code="a">Athens Gennad</subfield>
  </datafield>
  <datafield tag="958" ind1="0" ind2="0">
    <subfield code="a">Athos Lavra</subfield>
  </datafield>
  <datafield tag="958" ind1="0" ind2="0">
    <subfield code="a">Basel UB</subfield>
  </datafield>
  <datafield tag="958" ind1="0" ind2="0">
    <subfield code="a">Budapest Bibl nat (2: I, II (imperfect), IV, V (imperfect), I (imperfect), IV)</subfield>
  </datafield>
  <datafield tag="958" ind1="0" ind2="0">
    <subfield code="a">Budapest, Univ (2: I-V and I)</subfield>
  </datafield>
  <datafield tag="958" ind1="0" ind2="0">
    <subfield code="a">Copenhagen RL (4, 1 IV.1, 1 (Pirckheimer - D&#252;rer copy) IV.1, V)</subfield>
  </datafield>
  <datafield tag="958" ind1="0" ind2="0">
    <subfield code="a">Dimitsana (Greece) PL (V)</subfield>
  </datafield>
  <datafield tag="958" ind1="0" ind2="0">
    <subfield code="a">Dubrovnik MB</subfield>
  </datafield>
  <datafield tag="958" ind1="0" ind2="0">
    <subfield code="a">Gda&#324;sk PAN</subfield>
  </datafield>
  <datafield tag="958" ind1="0" ind2="0">
    <subfield code="a">Gen&#232;ve Bodmer</subfield>
  </datafield>
  <datafield tag="958" ind1="0" ind2="0">
    <subfield code="a">Kozani (Greece) PL (III,IV)</subfield>
  </datafield>
  <datafield tag="958" ind1="0" ind2="0">
    <subfield code="a">Krak&#243;w J (I-III, IV (2))</subfield>
  </datafield>
  <datafield tag="958" ind1="0" ind2="0">
    <subfield code="a">Link&#246;ping StB (I [2], II-V)</subfield>
  </datafield>
  <datafield tag="958" ind1="0" ind2="0">
    <subfield code="a">Ljubljana A</subfield>
  </datafield>
  <datafield tag="958" ind1="0" ind2="0">
    <subfield code="a">Lund UB (I,II,V)</subfield>
  </datafield>
  <datafield tag="958" ind1="0" ind2="0">
    <subfield code="a">Mili&#232;s (Greece) PL (IV, imperfect)</subfield>
  </datafield>
  <datafield tag="958" ind1="0" ind2="0">
    <subfield code="a">Oslo UB (II, IV)</subfield>
  </datafield>
  <datafield tag="958" ind1="0" ind2="0">
    <subfield code="a">Patmos Agios Ioannes (II,V)</subfield>
  </datafield>
  <datafield tag="958" ind1="0" ind2="0">
    <subfield code="a">Prague NL (3, 1 I only, 1 Roudnice)</subfield>
  </datafield>
  <datafield tag="958" ind1="0" ind2="0">
    <subfield code="a">Sopron Gymn (I, V)</subfield>
  </datafield>
  <datafield tag="958" ind1="0" ind2="0">
    <subfield code="a">St Petersburg NL</subfield>
  </datafield>
  <datafield tag="958" ind1="0" ind2="0">
    <subfield code="a">Stockholm RL (I, III, IV [imperfect], V [2])</subfield>
  </datafield>
  <datafield tag="958" ind1="0" ind2="0">
    <subfield code="a">Uppsala UB</subfield>
  </datafield>
  <datafield tag="958" ind1="0" ind2="0">
    <subfield code="a">Valletta NL</subfield>
  </datafield>
  <datafield tag="958" ind1="0" ind2="0">
    <subfield code="a">V&#228;ster&#229;s StB (IV.2)</subfield>
  </datafield>
  <datafield tag="958" ind1="0" ind2="0">
    <subfield code="a">Warsaw N</subfield>
  </datafield>
  <datafield tag="958" ind1="0" ind2="0">
    <subfield code="a">Wroc&#322;aw U (IV (2), V)</subfield>
  </datafield>
  <datafield tag="958" ind1="0" ind2="0">
    <subfield code="a">Zagor&#224; (Greece) PL (I)</subfield>
  </datafield>
  <datafield tag="958" ind1="0" ind2="0">
    <subfield code="a">Innsbruck UB (imperfect, wanting V)</subfield>
  </datafield>
  <datafield tag="959" ind1="1" ind2="0">
    <subfield code="a">090325jg</subfield>
  </datafield>
  <datafield tag="995" ind1="0" ind2="0">
    <subfield code="a">Brussels, BR 1186 (I), B 1187 (I, imperfect, wanting the first leaf), B 1192 (V), B 1193 (V, imperfect, wanting the last leaf)</subfield>
  </datafield>
  <datafield tag="995" ind1="0" ind2="0">
    <subfield code="a">Antwerpen, MPM (III)</subfield>
  </datafield>
  <datafield tag="995" ind1="0" ind2="0">
    <subfield code="a">Leuven-Heverlee, S.J.</subfield>
  </datafield>
  <datafield tag="995" ind1="0" ind2="0">
    <subfield code="a">Louvain-la-Neuve, UCL (II)</subfield>
  </datafield>
  <datafield tag="996" ind1="0" ind2="0">
    <subfield code="a">Amsterdam UB 5 (IV) and a complete copy incl. 145</subfield>
  </datafield>
  <datafield tag="996" ind1="0" ind2="0">
    <subfield code="a">Groningen UB 25</subfield>
  </datafield>
  <datafield tag="996" ind1="0" ind2="0">
    <subfield code="a">The Hague RL II 521 (I, II, V)</subfield>
  </datafield>
  <datafield tag="996" ind1="0" ind2="0">
    <subfield code="a">Leiden UB 38</subfield>
  </datafield>
  <datafield tag="996" ind1="0" ind2="0">
    <subfield code="a">Rotterdam Mus. Boymans (II, III)</subfield>
  </datafield>
  <datafield tag="996" ind1="0" ind2="0">
    <subfield code="a">Utrecht UB 54 (II-V)</subfield>
  </datafield>
  <datafield tag="997" ind1="0" ind2="0">
    <subfield code="a">Bautzen StB </subfield>
    <subfield code="b">(II,IV)</subfield>
  </datafield>
  <datafield tag="997" ind1="0" ind2="0">
    <subfield code="a">Berlin KunstB </subfield>
    <subfield code="b">(I)</subfield>
  </datafield>
  <datafield tag="997" ind1="0" ind2="0">
    <subfield code="a">Berlin SB </subfield>
    <subfield code="b">(3, 2 vellum and imperfect)</subfield>
  </datafield>
  <datafield tag="997" ind1="0" ind2="0">
    <subfield code="a">Bonn ULB</subfield>
  </datafield>
  <datafield tag="997" ind1="0" ind2="0">
    <subfield code="a">Dresden SLUB </subfield>
    <subfield code="b">(2)</subfield>
  </datafield>
  <datafield tag="997" ind1="0" ind2="0">
    <subfield code="a">Erfurt StuRB </subfield>
    <subfield code="b">(III)</subfield>
  </datafield>
  <datafield tag="997" ind1="0" ind2="0">
    <subfield code="a">Erlangen UB </subfield>
    <subfield code="b">(I,IV)</subfield>
  </datafield>
  <datafield tag="997" ind1="0" ind2="0">
    <subfield code="a">Frankfurt</subfield>
    <subfield code="b">(Main) StUB (II, imperfect)</subfield>
  </datafield>
  <datafield tag="997" ind1="0" ind2="0">
    <subfield code="a">G&#246;ttingen SUB</subfield>
  </datafield>
  <datafield tag="997" ind1="0" ind2="0">
    <subfield code="a">Gotha ForschLB</subfield>
  </datafield>
  <datafield tag="997" ind1="0" ind2="0">
    <subfield code="a">Hamburg SUB </subfield>
    <subfield code="b">(copy lost)</subfield>
  </datafield>
  <datafield tag="997" ind1="0" ind2="0">
    <subfield code="a">Hannover NLB</subfield>
  </datafield>
  <datafield tag="997" ind1="0" ind2="0">
    <subfield code="a">Heidelberg UB</subfield>
  </datafield>
  <datafield tag="997" ind1="0" ind2="0">
    <subfield code="a">Jena ULB</subfield>
  </datafield>
  <datafield tag="997" ind1="0" ind2="0">
    <subfield code="a">Kiel UB</subfield>
  </datafield>
  <datafield tag="997" ind1="0" ind2="0">
    <subfield code="a">K&#246;ln USB </subfield>
    <subfield code="b">(II-V)</subfield>
  </datafield>
  <datafield tag="997" ind1="0" ind2="0">
    <subfield code="a">Konstanz Heinrich-SusoGym </subfield>
    <subfield code="b">(IV, imperfect)</subfield>
  </datafield>
  <datafield tag="997" ind1="0" ind2="0">
    <subfield code="a">Leipzig DB/BuchM </subfield>
    <subfield code="b">(IV)</subfield>
  </datafield>
  <datafield tag="997" ind1="0" ind2="0">
    <subfield code="a">Leipzig UB </subfield>
    <subfield code="b">(3, 1 imperfect)</subfield>
  </datafield>
  <datafield tag="997" ind1="0" ind2="0">
    <subfield code="a">Mainz UB </subfield>
    <subfield code="b">(1 leaf only)</subfield>
  </datafield>
  <datafield tag="997" ind1="0" ind2="0">
    <subfield code="a">M&#252;nchen BSB </subfield>
    <subfield code="b">(5, 3 imperfect, 1 fragment (1 leaf)</subfield>
  </datafield>
  <datafield tag="997" ind1="0" ind2="0">
    <subfield code="a">M&#252;nchen UB </subfield>
    <subfield code="b">(I-IV)</subfield>
  </datafield>
  <datafield tag="997" ind1="0" ind2="0">
    <subfield code="a">N&#252;rnberg StB </subfield>
    <subfield code="b">(I)</subfield>
  </datafield>
  <datafield tag="997" ind1="0" ind2="0">
    <subfield code="a">Oldenburg LB</subfield>
  </datafield>
  <datafield tag="997" ind1="0" ind2="0">
    <subfield code="a">Schulpforte LandesSch </subfield>
    <subfield code="b">(I,III-V)</subfield>
  </datafield>
  <datafield tag="997" ind1="0" ind2="0">
    <subfield code="a">Schwerin LB </subfield>
    <subfield code="b">(V)</subfield>
  </datafield>
  <datafield tag="997" ind1="0" ind2="0">
    <subfield code="a">Stuttgart WLB</subfield>
  </datafield>
  <datafield tag="997" ind1="0" ind2="0">
    <subfield code="a">Weimar HAAB </subfield>
    <subfield code="b">(2, imperfect)</subfield>
  </datafield>
  <datafield tag="997" ind1="0" ind2="0">
    <subfield code="a">W&#252;rzburg UB </subfield>
    <subfield code="b">(II)</subfield>
  </datafield>
  <datafield tag="997" ind1="0" ind2="0">
    <subfield code="a">Zeitz StiftsB</subfield>
  </datafield>
  <datafield tag="997" ind1="0" ind2="0">
    <subfield code="a">Zittau StB</subfield>
  </datafield>
</record>