



<?xml version="1.0" encoding="ascii"?>
<record>
  <leader>01711     2200684   4500</leader>
  <controlfield tag="001">ia00972000</controlfield>
  <controlfield tag="008">800715s1500                        lat  </controlfield>
  <datafield tag="100" ind1="1" ind2="0">
    <subfield code="a">Aristoteles</subfield>
  </datafield>
  <datafield tag="245" ind1="1" ind2="0">
    <subfield code="a">De anima (Ed: Wolfgang Mosnauer) Tr: Joannes Argyropylus</subfield>
  </datafield>
  <datafield tag="260" ind1="0" ind2="0">
    <subfield code="a">Venice</subfield>
    <subfield code="b">Jacobus Pentius, de Leuco</subfield>
    <subfield code="c">23 Oct. [1500?]</subfield>
  </datafield>
  <datafield tag="300" ind1="0" ind2="0">
    <subfield code="c">4~~</subfield>
  </datafield>
  <datafield tag="510" ind1="0" ind2="0">
    <subfield code="a">Goff A972</subfield>
  </datafield>
  <datafield tag="510" ind1="0" ind2="0">
    <subfield code="a">HC 1708*</subfield>
  </datafield>
  <datafield tag="510" ind1="0" ind2="0">
    <subfield code="a">Klebs 84.7</subfield>
  </datafield>
  <datafield tag="510" ind1="0" ind2="0">
    <subfield code="a">IGI 799</subfield>
  </datafield>
  <datafield tag="510" ind1="0" ind2="0">
    <subfield code="a">IBE 527</subfield>
  </datafield>
  <datafield tag="510" ind1="0" ind2="0">
    <subfield code="a">IBP 478</subfield>
  </datafield>
  <datafield tag="510" ind1="0" ind2="0">
    <subfield code="a">Saj&#243;-Solt&#233;sz 289</subfield>
  </datafield>
  <datafield tag="510" ind1="0" ind2="0">
    <subfield code="a">Kotvan 85</subfield>
  </datafield>
  <datafield tag="510" ind1="0" ind2="0">
    <subfield code="a">Gspan-Badali&#263; 718b</subfield>
  </datafield>
  <datafield tag="510" ind1="0" ind2="0">
    <subfield code="a">Riedl 77, 78</subfield>
  </datafield>
  <datafield tag="510" ind1="0" ind2="0">
    <subfield code="a">Sallander 2045</subfield>
  </datafield>
  <datafield tag="510" ind1="0" ind2="0">
    <subfield code="a">Coll(S) 96</subfield>
  </datafield>
  <datafield tag="510" ind1="0" ind2="0">
    <subfield code="a">Walsh 2702</subfield>
  </datafield>
  <datafield tag="510" ind1="0" ind2="0">
    <subfield code="a">Bod-inc A-389</subfield>
  </datafield>
  <datafield tag="510" ind1="0" ind2="0">
    <subfield code="a">Sheppard 4681</subfield>
  </datafield>
  <datafield tag="510" ind1="0" ind2="0">
    <subfield code="a">Pr 5588</subfield>
  </datafield>
  <datafield tag="510" ind1="0" ind2="0">
    <subfield code="a">BMC V 566</subfield>
  </datafield>
  <datafield tag="510" ind1="0" ind2="0">
    <subfield code="a">BSB-Ink A-676</subfield>
  </datafield>
  <datafield tag="510" ind1="0" ind2="0">
    <subfield code="a">GW 2346</subfield>
  </datafield>
  <datafield tag="951" ind1="0" ind2="0">
    <subfield code="a">Cambridge, Trinity College</subfield>
  </datafield>
  <datafield tag="951" ind1="0" ind2="0">
    <subfield code="a">Oxford Bodley</subfield>
  </datafield>
  <datafield tag="952" ind1="0" ind2="0">
    <subfield code="a">HarvCL</subfield>
  </datafield>
  <datafield tag="952" ind1="0" ind2="0">
    <subfield code="a">UPaL</subfield>
  </datafield>
  <datafield tag="954" ind1="0" ind2="0">
    <subfield code="a">Bologna U</subfield>
  </datafield>
  <datafield tag="954" ind1="0" ind2="0">
    <subfield code="a">Modena Est</subfield>
  </datafield>
  <datafield tag="954" ind1="0" ind2="0">
    <subfield code="a">Palermo R</subfield>
  </datafield>
  <datafield tag="955" ind1="0" ind2="0">
    <subfield code="a">Sevilla Colombina</subfield>
  </datafield>
  <datafield tag="958" ind1="0" ind2="0">
    <subfield code="a">Bratislava UKn</subfield>
  </datafield>
  <datafield tag="958" ind1="0" ind2="0">
    <subfield code="a">Budapest Bibl nat</subfield>
  </datafield>
  <datafield tag="958" ind1="0" ind2="0">
    <subfield code="a">Budapest Acad</subfield>
  </datafield>
  <datafield tag="958" ind1="0" ind2="0">
    <subfield code="a">&#268;esk&#233; Bud&#283;jovice KrajsKn</subfield>
  </datafield>
  <datafield tag="958" ind1="0" ind2="0">
    <subfield code="a">Gda&#324;sk PAN</subfield>
  </datafield>
  <datafield tag="958" ind1="0" ind2="0">
    <subfield code="a">Helsinki UL</subfield>
  </datafield>
  <datafield tag="958" ind1="0" ind2="0">
    <subfield code="a">Krak&#243;w J</subfield>
  </datafield>
  <datafield tag="958" ind1="0" ind2="0">
    <subfield code="a">Ljubljana NUK</subfield>
  </datafield>
  <datafield tag="958" ind1="0" ind2="0">
    <subfield code="a">Pozna&#324; AA</subfield>
  </datafield>
  <datafield tag="958" ind1="0" ind2="0">
    <subfield code="a">Prague NL</subfield>
  </datafield>
  <datafield tag="958" ind1="0" ind2="0">
    <subfield code="a">St Petersburg NL</subfield>
  </datafield>
  <datafield tag="958" ind1="0" ind2="0">
    <subfield code="a">Stockholm RL (2)</subfield>
  </datafield>
  <datafield tag="958" ind1="0" ind2="0">
    <subfield code="a">Uppsala UB</subfield>
  </datafield>
  <datafield tag="958" ind1="0" ind2="0">
    <subfield code="a">Wroc&#322;aw O</subfield>
  </datafield>
  <datafield tag="958" ind1="0" ind2="0">
    <subfield code="a">Graz UB</subfield>
  </datafield>
  <datafield tag="959" ind1="1" ind2="0">
    <subfield code="a">090206jg</subfield>
  </datafield>
  <datafield tag="997" ind1="0" ind2="0">
    <subfield code="a">Augsburg SStB</subfield>
  </datafield>
  <datafield tag="997" ind1="0" ind2="0">
    <subfield code="a">Heidelberg UB</subfield>
  </datafield>
  <datafield tag="997" ind1="0" ind2="0">
    <subfield code="a">M&#252;nchen BSB </subfield>
    <subfield code="b">(7)</subfield>
  </datafield>
  <datafield tag="997" ind1="0" ind2="0">
    <subfield code="a">M&#252;nchen UB</subfield>
  </datafield>
  <datafield tag="997" ind1="0" ind2="0">
    <subfield code="a">Stuttgart WLB</subfield>
  </datafield>
</record>