



<?xml version="1.0" encoding="ascii"?>
<record>
  <leader>04990     2201884   4500</leader>
  <controlfield tag="001">ia00973000</controlfield>
  <controlfield tag="008">800715s1476                        lat  </controlfield>
  <datafield tag="100" ind1="1" ind2="0">
    <subfield code="a">Aristoteles</subfield>
  </datafield>
  <datafield tag="245" ind1="1" ind2="0">
    <subfield code="a">De animalibus (Tr: Theodorus Gaza). Ed: Ludovicus Podocatharus</subfield>
  </datafield>
  <datafield tag="260" ind1="0" ind2="0">
    <subfield code="a">Venice</subfield>
    <subfield code="b">Johannes de Colonia and Johannes Manthen</subfield>
    <subfield code="c">1476</subfield>
  </datafield>
  <datafield tag="300" ind1="0" ind2="0">
    <subfield code="c">f~~</subfield>
  </datafield>
  <datafield tag="510" ind1="0" ind2="0">
    <subfield code="a">Goff A973</subfield>
  </datafield>
  <datafield tag="510" ind1="0" ind2="0">
    <subfield code="a">HC 1699*</subfield>
  </datafield>
  <datafield tag="510" ind1="0" ind2="0">
    <subfield code="a">Klebs 85.1</subfield>
  </datafield>
  <datafield tag="510" ind1="0" ind2="0">
    <subfield code="a">GfT 563</subfield>
  </datafield>
  <datafield tag="510" ind1="0" ind2="0">
    <subfield code="a">Osler(IM) 106 &amp; pl.X</subfield>
  </datafield>
  <datafield tag="510" ind1="0" ind2="0">
    <subfield code="a">Pell 1206</subfield>
  </datafield>
  <datafield tag="510" ind1="0" ind2="0">
    <subfield code="a">CIBN A-521</subfield>
  </datafield>
  <datafield tag="510" ind1="0" ind2="0">
    <subfield code="a">Fernillot 66</subfield>
  </datafield>
  <datafield tag="510" ind1="0" ind2="0">
    <subfield code="a">Delisle 146</subfield>
  </datafield>
  <datafield tag="510" ind1="0" ind2="0">
    <subfield code="a">Polain(B) 298</subfield>
  </datafield>
  <datafield tag="510" ind1="0" ind2="0">
    <subfield code="a">IGI 803</subfield>
  </datafield>
  <datafield tag="510" ind1="0" ind2="0">
    <subfield code="a">IBE 528</subfield>
  </datafield>
  <datafield tag="510" ind1="0" ind2="0">
    <subfield code="a">IBP 481</subfield>
  </datafield>
  <datafield tag="510" ind1="0" ind2="0">
    <subfield code="a">IJL2 34</subfield>
  </datafield>
  <datafield tag="510" ind1="0" ind2="0">
    <subfield code="a">Saj&#243;-Solt&#233;sz 290</subfield>
  </datafield>
  <datafield tag="510" ind1="0" ind2="0">
    <subfield code="a">Kotvan 88</subfield>
  </datafield>
  <datafield tag="510" ind1="0" ind2="0">
    <subfield code="a">Badali&#263;(Croatia) 100</subfield>
  </datafield>
  <datafield tag="510" ind1="0" ind2="0">
    <subfield code="a">Louda 147</subfield>
  </datafield>
  <datafield tag="510" ind1="0" ind2="0">
    <subfield code="a">Sallander 1569</subfield>
  </datafield>
  <datafield tag="510" ind1="0" ind2="0">
    <subfield code="a">Madsen 305</subfield>
  </datafield>
  <datafield tag="510" ind1="0" ind2="0">
    <subfield code="a">L&#337;kk&#246;s(Cat BPU) 40</subfield>
  </datafield>
  <datafield tag="510" ind1="0" ind2="0">
    <subfield code="a">Voull(B) 3741</subfield>
  </datafield>
  <datafield tag="510" ind1="0" ind2="0">
    <subfield code="a">G&#252;nt(L) 3318</subfield>
  </datafield>
  <datafield tag="510" ind1="0" ind2="0">
    <subfield code="a">Ohly-Sack 242</subfield>
  </datafield>
  <datafield tag="510" ind1="0" ind2="0">
    <subfield code="a">Borm 205</subfield>
  </datafield>
  <datafield tag="510" ind1="0" ind2="0">
    <subfield code="a">Walsh 1688</subfield>
  </datafield>
  <datafield tag="510" ind1="0" ind2="0">
    <subfield code="a">Rhodes(Oxford Colleges) 140</subfield>
  </datafield>
  <datafield tag="510" ind1="0" ind2="0">
    <subfield code="a">Bod-inc A-390</subfield>
  </datafield>
  <datafield tag="510" ind1="0" ind2="0">
    <subfield code="a">Sheppard 3479, 3480, 3481</subfield>
  </datafield>
  <datafield tag="510" ind1="0" ind2="0">
    <subfield code="a">Pr 4312</subfield>
  </datafield>
  <datafield tag="510" ind1="0" ind2="0">
    <subfield code="a">BMC V 232</subfield>
  </datafield>
  <datafield tag="510" ind1="0" ind2="0">
    <subfield code="a">BSB-Ink A-678</subfield>
  </datafield>
  <datafield tag="510" ind1="0" ind2="0">
    <subfield code="a">GW 2350</subfield>
  </datafield>
  <datafield tag="951" ind1="0" ind2="0">
    <subfield code="a">Cambridge, Fitzwilliam Museum</subfield>
  </datafield>
  <datafield tag="951" ind1="0" ind2="0">
    <subfield code="a">Cambridge, Trinity College</subfield>
  </datafield>
  <datafield tag="951" ind1="0" ind2="0">
    <subfield code="a">Glasgow UL (Hunterian)</subfield>
  </datafield>
  <datafield tag="951" ind1="0" ind2="0">
    <subfield code="a">Holkham</subfield>
  </datafield>
  <datafield tag="951" ind1="0" ind2="0">
    <subfield code="a">London, Royal College of Surgeons</subfield>
  </datafield>
  <datafield tag="951" ind1="0" ind2="0">
    <subfield code="a">London, Wellcome Institute</subfield>
  </datafield>
  <datafield tag="951" ind1="0" ind2="0">
    <subfield code="a">Manchester JRL 18314</subfield>
  </datafield>
  <datafield tag="951" ind1="0" ind2="0">
    <subfield code="a">Oxford Bodley (3)</subfield>
  </datafield>
  <datafield tag="951" ind1="0" ind2="0">
    <subfield code="a">Oxford, New College</subfield>
  </datafield>
  <datafield tag="951" ind1="0" ind2="0">
    <subfield code="a">Oxford, Pembroke College</subfield>
  </datafield>
  <datafield tag="951" ind1="0" ind2="0">
    <subfield code="a">Reading UL</subfield>
  </datafield>
  <datafield tag="951" ind1="0" ind2="0">
    <subfield code="a">Windsor RL</subfield>
  </datafield>
  <datafield tag="952" ind1="0" ind2="0">
    <subfield code="a">BMSL</subfield>
  </datafield>
  <datafield tag="952" ind1="0" ind2="0">
    <subfield code="a">BPubL</subfield>
  </datafield>
  <datafield tag="952" ind1="0" ind2="0">
    <subfield code="a">BrUL</subfield>
  </datafield>
  <datafield tag="952" ind1="0" ind2="0">
    <subfield code="a">BUMCL</subfield>
  </datafield>
  <datafield tag="952" ind1="0" ind2="0">
    <subfield code="a">CornUL</subfield>
  </datafield>
  <datafield tag="952" ind1="0" ind2="0">
    <subfield code="a">CPhL</subfield>
  </datafield>
  <datafield tag="952" ind1="0" ind2="0">
    <subfield code="a">HarvCL</subfield>
  </datafield>
  <datafield tag="952" ind1="0" ind2="0">
    <subfield code="a">HEHL</subfield>
    <subfield code="b">(2, 1-)</subfield>
  </datafield>
  <datafield tag="952" ind1="0" ind2="0">
    <subfield code="a">InUL</subfield>
  </datafield>
  <datafield tag="952" ind1="0" ind2="0">
    <subfield code="a">JHUL</subfield>
  </datafield>
  <datafield tag="952" ind1="0" ind2="0">
    <subfield code="a">LC</subfield>
  </datafield>
  <datafield tag="952" ind1="0" ind2="0">
    <subfield code="a">NLM</subfield>
  </datafield>
  <datafield tag="952" ind1="0" ind2="0">
    <subfield code="a">NYAcMedL</subfield>
  </datafield>
  <datafield tag="952" ind1="0" ind2="0">
    <subfield code="a">PML</subfield>
  </datafield>
  <datafield tag="952" ind1="0" ind2="0">
    <subfield code="a">Sm(D)L</subfield>
  </datafield>
  <datafield tag="952" ind1="0" ind2="0">
    <subfield code="a">UCalBL</subfield>
    <subfield code="b">(- tp)</subfield>
  </datafield>
  <datafield tag="952" ind1="0" ind2="0">
    <subfield code="a">UOkL</subfield>
  </datafield>
  <datafield tag="952" ind1="0" ind2="0">
    <subfield code="a">UTexL</subfield>
  </datafield>
  <datafield tag="952" ind1="0" ind2="0">
    <subfield code="a">WArtGL</subfield>
  </datafield>
  <datafield tag="952" ind1="0" ind2="0">
    <subfield code="a">WatkL</subfield>
  </datafield>
  <datafield tag="952" ind1="0" ind2="0">
    <subfield code="a">YUL</subfield>
  </datafield>
  <datafield tag="952" ind1="0" ind2="0">
    <subfield code="a">PandJG</subfield>
  </datafield>
  <datafield tag="953" ind1="0" ind2="0">
    <subfield code="a">Montreal McGill(Osler) UL</subfield>
  </datafield>
  <datafield tag="953" ind1="0" ind2="0">
    <subfield code="a">Rio de Janeiro BN</subfield>
  </datafield>
  <datafield tag="953" ind1="0" ind2="0">
    <subfield code="a">Tokyo, Keio UL</subfield>
  </datafield>
  <datafield tag="954" ind1="0" ind2="0">
    <subfield code="a">Bergamo C</subfield>
  </datafield>
  <datafield tag="954" ind1="0" ind2="0">
    <subfield code="a">Bologna C</subfield>
  </datafield>
  <datafield tag="954" ind1="0" ind2="0">
    <subfield code="a">Bologna U</subfield>
  </datafield>
  <datafield tag="954" ind1="0" ind2="0">
    <subfield code="a">Brescia C </subfield>
    <subfield code="b">(imperfect)</subfield>
  </datafield>
  <datafield tag="954" ind1="0" ind2="0">
    <subfield code="a">Casale Monferrato Sem</subfield>
  </datafield>
  <datafield tag="954" ind1="0" ind2="0">
    <subfield code="a">Catania Sem</subfield>
  </datafield>
  <datafield tag="954" ind1="0" ind2="0">
    <subfield code="a">Firenze N </subfield>
    <subfield code="b">(2)</subfield>
  </datafield>
  <datafield tag="954" ind1="0" ind2="0">
    <subfield code="a">Genova Durazzo *BP</subfield>
  </datafield>
  <datafield tag="954" ind1="0" ind2="0">
    <subfield code="a">Milano Ambr</subfield>
  </datafield>
  <datafield tag="954" ind1="0" ind2="0">
    <subfield code="a">Milano N</subfield>
  </datafield>
  <datafield tag="954" ind1="0" ind2="0">
    <subfield code="a">Milano U</subfield>
  </datafield>
  <datafield tag="954" ind1="0" ind2="0">
    <subfield code="a">Napoli N </subfield>
    <subfield code="b">(2)</subfield>
  </datafield>
  <datafield tag="954" ind1="0" ind2="0">
    <subfield code="a">Napoli U</subfield>
  </datafield>
  <datafield tag="954" ind1="0" ind2="0">
    <subfield code="a">Padova Cap</subfield>
  </datafield>
  <datafield tag="954" ind1="0" ind2="0">
    <subfield code="a">Padova U</subfield>
  </datafield>
  <datafield tag="954" ind1="0" ind2="0">
    <subfield code="a">Palermo C</subfield>
  </datafield>
  <datafield tag="954" ind1="0" ind2="0">
    <subfield code="a">Palermo R</subfield>
  </datafield>
  <datafield tag="954" ind1="0" ind2="0">
    <subfield code="a">Parma Pal</subfield>
  </datafield>
  <datafield tag="954" ind1="0" ind2="0">
    <subfield code="a">Perugia C </subfield>
    <subfield code="b">(2)</subfield>
  </datafield>
  <datafield tag="954" ind1="0" ind2="0">
    <subfield code="a">Ravenna C</subfield>
  </datafield>
  <datafield tag="954" ind1="0" ind2="0">
    <subfield code="a">Roma Ang</subfield>
  </datafield>
  <datafield tag="954" ind1="0" ind2="0">
    <subfield code="a">Roma Cas</subfield>
  </datafield>
  <datafield tag="954" ind1="0" ind2="0">
    <subfield code="a">Roma Cors </subfield>
    <subfield code="b">(50.C.13)</subfield>
  </datafield>
  <datafield tag="954" ind1="0" ind2="0">
    <subfield code="a">Siracusa Alag </subfield>
    <subfield code="b">(imperfect)</subfield>
  </datafield>
  <datafield tag="954" ind1="0" ind2="0">
    <subfield code="a">Subiaco Ben</subfield>
  </datafield>
  <datafield tag="954" ind1="0" ind2="0">
    <subfield code="a">Sulmona C</subfield>
  </datafield>
  <datafield tag="954" ind1="0" ind2="0">
    <subfield code="a">Torino N </subfield>
    <subfield code="b">(3)</subfield>
  </datafield>
  <datafield tag="954" ind1="0" ind2="0">
    <subfield code="a">Torino Reale</subfield>
  </datafield>
  <datafield tag="954" ind1="0" ind2="0">
    <subfield code="a">Trento Cap</subfield>
  </datafield>
  <datafield tag="954" ind1="0" ind2="0">
    <subfield code="a">Venezia N</subfield>
  </datafield>
  <datafield tag="954" ind1="0" ind2="0">
    <subfield code="a">Vicenza C </subfield>
    <subfield code="b">(imperfect)</subfield>
  </datafield>
  <datafield tag="954" ind1="0" ind2="0">
    <subfield code="a">Vaticano BAV </subfield>
    <subfield code="b">(5)</subfield>
  </datafield>
  <datafield tag="955" ind1="0" ind2="0">
    <subfield code="a">Barcelona BCatal</subfield>
  </datafield>
  <datafield tag="955" ind1="0" ind2="0">
    <subfield code="a">Barcelona Mar&#233;s (imperfect)</subfield>
  </datafield>
  <datafield tag="955" ind1="0" ind2="0">
    <subfield code="a">Madrid BN</subfield>
  </datafield>
  <datafield tag="955" ind1="0" ind2="0">
    <subfield code="a">Madrid BPalacio Real</subfield>
  </datafield>
  <datafield tag="955" ind1="0" ind2="0">
    <subfield code="a">Salamanca BU (imperfect)</subfield>
  </datafield>
  <datafield tag="955" ind1="0" ind2="0">
    <subfield code="a">Sevilla BU (imperfect)</subfield>
  </datafield>
  <datafield tag="955" ind1="0" ind2="0">
    <subfield code="a">Toledo BCap (imperfect)</subfield>
  </datafield>
  <datafield tag="955" ind1="0" ind2="0">
    <subfield code="a">Valladolid BU</subfield>
  </datafield>
  <datafield tag="955" ind1="0" ind2="0">
    <subfield code="a">Zaragoza S.Carlos</subfield>
  </datafield>
  <datafield tag="957" ind1="0" ind2="0">
    <subfield code="a">Paris BN (vellum)</subfield>
  </datafield>
  <datafield tag="957" ind1="0" ind2="0">
    <subfield code="a">Paris V. Cousin</subfield>
  </datafield>
  <datafield tag="957" ind1="0" ind2="0">
    <subfield code="a">Chantilly MCond&#233;</subfield>
  </datafield>
  <datafield tag="958" ind1="0" ind2="0">
    <subfield code="a">Athens Gennad</subfield>
  </datafield>
  <datafield tag="958" ind1="0" ind2="0">
    <subfield code="a">Basel UB</subfield>
  </datafield>
  <datafield tag="958" ind1="0" ind2="0">
    <subfield code="a">Bratislava UKn</subfield>
  </datafield>
  <datafield tag="958" ind1="0" ind2="0">
    <subfield code="a">Budapest Univ (imperfect)</subfield>
  </datafield>
  <datafield tag="958" ind1="0" ind2="0">
    <subfield code="a">Copenhagen RL</subfield>
  </datafield>
  <datafield tag="958" ind1="0" ind2="0">
    <subfield code="a">Gen&#232;ve BPU</subfield>
  </datafield>
  <datafield tag="958" ind1="0" ind2="0">
    <subfield code="a">Kharkov UL</subfield>
  </datafield>
  <datafield tag="958" ind1="0" ind2="0">
    <subfield code="a">Krom&#283;&#345;&#237;&#382; Z&#225;mKn</subfield>
  </datafield>
  <datafield tag="958" ind1="0" ind2="0">
    <subfield code="a">Minsk NL</subfield>
  </datafield>
  <datafield tag="958" ind1="0" ind2="0">
    <subfield code="a">Prague NL (Roudnice)</subfield>
  </datafield>
  <datafield tag="958" ind1="0" ind2="0">
    <subfield code="a">&#352;ibenik FK</subfield>
  </datafield>
  <datafield tag="958" ind1="0" ind2="0">
    <subfield code="a">St Petersburg NL</subfield>
  </datafield>
  <datafield tag="958" ind1="0" ind2="0">
    <subfield code="a">Stockholm RL</subfield>
  </datafield>
  <datafield tag="958" ind1="0" ind2="0">
    <subfield code="a">Sz&#233;kesfeh&#233;rv&#225;r Bibl episc (imperfect)</subfield>
  </datafield>
  <datafield tag="958" ind1="0" ind2="0">
    <subfield code="a">Uppsala UB</subfield>
  </datafield>
  <datafield tag="958" ind1="0" ind2="0">
    <subfield code="a">Vienna &#214;NB</subfield>
  </datafield>
  <datafield tag="958" ind1="0" ind2="0">
    <subfield code="a">Warsaw Publ (imperfect)</subfield>
  </datafield>
  <datafield tag="958" ind1="0" ind2="0">
    <subfield code="a">Wroc&#322;aw Kap</subfield>
  </datafield>
  <datafield tag="958" ind1="0" ind2="0">
    <subfield code="a">Wroc&#322;aw U</subfield>
  </datafield>
  <datafield tag="959" ind1="1" ind2="0">
    <subfield code="a">090313jg</subfield>
  </datafield>
  <datafield tag="995" ind1="0" ind2="0">
    <subfield code="a">Brussels, BR</subfield>
  </datafield>
  <datafield tag="995" ind1="0" ind2="0">
    <subfield code="a">Li&#232;ge, BU</subfield>
  </datafield>
  <datafield tag="997" ind1="0" ind2="0">
    <subfield code="a">Bonn ULB</subfield>
  </datafield>
  <datafield tag="997" ind1="0" ind2="0">
    <subfield code="a">Frankfurt</subfield>
    <subfield code="b">(Main) StUB</subfield>
  </datafield>
  <datafield tag="997" ind1="0" ind2="0">
    <subfield code="a">Konstanz Heinrich-SusoGym</subfield>
  </datafield>
  <datafield tag="997" ind1="0" ind2="0">
    <subfield code="a">Laubach SolmsB</subfield>
  </datafield>
  <datafield tag="997" ind1="0" ind2="0">
    <subfield code="a">Leipzig DB/BuchM</subfield>
  </datafield>
  <datafield tag="997" ind1="0" ind2="0">
    <subfield code="a">Leipzig UB </subfield>
    <subfield code="b">(2)</subfield>
  </datafield>
  <datafield tag="997" ind1="0" ind2="0">
    <subfield code="a">Lindau StB</subfield>
  </datafield>
  <datafield tag="997" ind1="0" ind2="0">
    <subfield code="a">M&#252;nchen BSB </subfield>
    <subfield code="b">(2)</subfield>
  </datafield>
  <datafield tag="997" ind1="0" ind2="0">
    <subfield code="a">M&#252;nchen UB</subfield>
  </datafield>
  <datafield tag="997" ind1="0" ind2="0">
    <subfield code="a">Stuttgart WLB</subfield>
  </datafield>
  <datafield tag="997" ind1="0" ind2="0">
    <subfield code="a">Wolfenb&#252;ttel HAB </subfield>
    <subfield code="b">(2)</subfield>
  </datafield>
</record>

